=LDR  00000cam a2200000 i 4500
=001  1252642673
=005  20220829180114.2
=008  210524t20202020wauab   obm  s000 0 eng d
=006  m     o  d s      
=007  cr\||||||||||
=040  \\$aWAU$beng$erda$epn$cWAU$dOCLCO$dOCLCF$dWAU$dOCLCO$dWAU
=049  \\$aWAUW
=100  1\$aDeFilippo, Lukas B.,$eauthor.$1http://www.wikidata.org/entity/Q91273372
=245  10$aSalmon life histories and fisheries management /$cLukas B. DeFilippo.
=264  \1$a[Seattle] :$b[University of Washington Libraries],$c[2020]
=264  \4$c©2020
=300  \\$a1 online resource (4 unnumbered pages, ix, 168 pages) :$billustrations (some colour), maps
=336  \\$atext$btxt$2rdacontent
=336  \\$astill image$bsti$2rdacontent
=336  \\$acartographic image$bcri$2rdacontent
=337  \\$acomputer$bc$2rdamedia
=338  \\$aonline resource$bcr$2rdacarrier
=340  \\$gpolychrome$2rdacc
=340  \\$gmonochrome$2rdacc
=340  \\$pillustration$2rdaill
=340  \\$pmap$2rdaill
=340  \\$gcolor
=340  \\$gblack and white
=347  \\$atext file$2rdaft
=347  \\$bPDF
=502  \\$bPh. D.$cUniversity of Washington$d2020
=504  \\$aIncludes bibliographical references (pages 116-130).
=520  3\$aUnderstanding the life histories of exploited aquatic taxa is important to sustainable fisheries management. Life history diversity has been shown to stabilize population dynamics through 'portfolio effects' which can maintain robust fishery yields despite environmental variability. Moreover, the reproductive life histories of fishes can be important to shaping management-relevant properties such as the steepness of the stock-recruit relationship, genetic diversity, age and size structure, and stock rebuilding potential. Despite the importance of life history information to conservation and management, achieving a practical understanding of the evolutionary and ecological factors that maintain particular life histories can be challenging. This difficulty is exemplified by widespread declines in size-and-age-at-maturity of many commercially valuable fish stocks, the causes of which are seldom be reliably discerned. In this dissertation, I seek to better understand the factors that control the frequencies of alternative maturation and reproductive life histories in sockeye salmon (Oncorhynchus nerka) populations. In chapter 1, I used Bayesian hierarchical modelling to identify the basis of variation in early maturation rates among sockeye salmon populations in Bristol Bay, Alaska. In my second chapter, I developed an age-structured Bayesian state space model to assess the causes of elevated early maturation rates in Kodiak sockeye salmon. Finally, in my third chapter I developed an individual-based population dynamics framework to explore the ecological and evolutionary factors that regulate frequencies of alternative maturation and reproductive life histories in age-structured populations. Collectively, my results demonstrate that the maintenance of alternative life histories within populations may be more complex than existing evolutionary frameworks suggest, and reveal a novel role of population dynamics in the evolution and maintenance of complex mating systems.
=588  0\$aOnline resource; title from PDF title page (ResearchWorks Archive, viewed May 24, 2021).
=650  \0$aSockeye salmon$xLife cycles$zAlaska.
=650  \0$aSockeye salmon$xLife cycles$xMathematical models.
=650  \0$aSockeye salmon$xLife cycles$xEcology$xMathematical models.
=650  \0$aSockeye salmon$xLife cycles$xEvolution$xMathematical models.
=650  \6$aSaumon rouge$0(CaQQLa)201-0058887$xCycles biologiques$0(CaQQLa)201-0380891$zAlaska.$0(CaQQLa)201-0460551
=650  \6$aSaumon rouge$0(CaQQLa)201-0058887$xCycles biologiques$0(CaQQLa)201-0380891$xModèles mathématiques.$0(CaQQLa)201-0379082
=650  \6$aSaumon rouge$0(CaQQLa)201-0058887$xCycles biologiques$0(CaQQLa)201-0380891$xÉcologie$0(CaQQLa)201-0378920$xModèles mathématiques.$0(CaQQLa)201-0379082
=650  \6$aSaumon rouge$0(CaQQLa)201-0058887$xCycles biologiques$0(CaQQLa)201-0380891$xÉvolution$0(CaQQLa)201-0380961$xModèles mathématiques.$0(CaQQLa)201-0379082
=653  0\$aAlternative reproductive tactics (ARTs)
=653  0\$aEvolution
=653  0\$aFisheries
=653  0\$aLife histories
=653  0\$aPopulation dynamics
=653  0\$aSalmon
=653  0\$aBiology
=655  \2$aAcademic Dissertation$0(DNLM)D019478
=655  \4$aTheses$xFisheries.
=655  \7$aAcademic theses.$2fast$0(OCoLC)fst01726453
=655  \7$aAcademic theses.$2lcgft
=655  \7$aThèses et écrits académiques.$2rvmgf$0(CaQQLa)RVMGF-000001173
=700  1\$aSchindler, Daniel E.,$edegree supervisor.$1http://www.wikidata.org/entity/Q66437343
=856  40$uhttp://hdl.handle.net/1773/46801

