=LDR  00000cam a2200000 i 4500
=001  1252642778
=005  20220421075956.6
=008  210524t20202020waua    obm  s000 0 eng d
=006  m     o  d s      
=007  cr\||||||||||
=040  \\$aWAU$beng$erda$epn$cWAU$dOCLCO$dOCLCF$dOCLCO$dWAU$dOCLCO
=049  \\$aWAUW
=100  1\$aMcQuaw, Kristin G.,$eauthor.
=245  10$aRebuilding mixed stock fisheries :$blessons from the U.S. West Coast /$cKristin G. McQuaw.
=264  \1$a[Seattle] :$b[University of Washington Libraries],$c[2020]
=264  \4$c©2020
=300  \\$a1 online resource (4 unnumbered pages, vi, 60 pages) :$billustrations (some colour)
=336  \\$atext$btxt$2rdacontent
=336  \\$astill image$bsti$2rdacontent
=337  \\$acomputer$bc$2rdamedia
=338  \\$aonline resource$bcr$2rdacarrier
=340  \\$gpolychrome$2rdacc
=340  \\$gmonochrome$2rdacc
=340  \\$pillustration$2rdaill
=340  \\$gcolor
=340  \\$gblack and white
=347  \\$atext file$2rdaft
=347  \\$bPDF
=502  \\$bM.S.$cUniversity of Washington$d2020
=504  \\$aIncludes bibliographical references (pages 55-60).
=520  3\$aManagement of commercial fisheries is imperative to global food security, economies, and sustainability. However, common management frameworks are often challenged when species with differing sustainable exploitation rates are caught simultaneously in a mixed stock fishery. The tradeoffs which emerge are often magnified when overfished stocks are persistent in the system. As observed in the U.S. West Coast groundfish fishery, the priority to rebuild overfished stocks according to a strict timeline can result in forgone yield of abundant species and negative impacts on communities. In this thesis, I retrospectively analyzed alternative rebuilding scenarios for the West Coast to test if a management approach based on meeting fishing mortality targets could result in fewer tradeoffs for stakeholders while still meeting conservation objectives. I then developed a two-area single species age structure model to evaluate if marine closures can be used as an alternative management approach to single-species catch limits and provide adequate rebuilding protection while minimizing forgone yield of abundant stocks. The analyses on alternative management approaches described in this thesis can be applied to global fishery managers as they address similar challenges in their respective fisheries.
=588  0\$aOnline resource; title from PDF title page (ResearchWorks Archive, viewed May 24, 2021).
=650  \0$aGroundfish fisheries$zPacific Coast (U.S.)$xManagement.
=650  \0$aFish populations$zPacific Coast (U.S.)$xMathematical models.
=650  \0$aFish stock assessment$zPacific Coast (U.S.)
=650  \0$aSustainable fisheries$zPacific Coast (U.S.)
=650  \6$aPoissons de fond$0(CaQQLa)000265669$xPêche commerciale$0(CaQQLa)000265669$zPacifique, Côte du (États-Unis)$0(CaQQLa)201-0407794$xGestion.$0(CaQQLa)201-0380063
=650  \6$aPoissons$0(CaQQLa)201-0012899$xPopulations$0(CaQQLa)201-0012899$zPacifique, Côte du (États-Unis)$0(CaQQLa)201-0407794$xModèles mathématiques.$0(CaQQLa)201-0379082
=650  \6$aRessources halieutiques$0(CaQQLa)201-0212152$xÉvaluation$0(CaQQLa)201-0212152$zPacifique, Côte du (États-Unis)$0(CaQQLa)201-0407794
=650  \6$aPêches durables$0(CaQQLa)201-0267431$zPacifique, Côte du (États-Unis)$0(CaQQLa)201-0407794
=653  0\$aAquatic sciences
=653  0\$aNatural resource management
=653  0\$aFisheries
=655  \2$aAcademic Dissertation$0(DNLM)D019478
=655  \4$aTheses$xFisheries.
=655  \7$aAcademic theses.$2fast$0(OCoLC)fst01726453
=655  \7$aAcademic theses.$2lcgft
=655  \7$aThèses et écrits académiques.$2rvmgf$0(CaQQLa)RVMGF-000001173
=700  1\$aHilborn, Ray,$d1947-$edegree supervisor.$1http://www.wikidata.org/entity/Q7297618
=856  40$uhttp://hdl.handle.net/1773/46804

