=LDR  00000cam a2200000 i 4500
=001  1252784596
=005  20220504123428.1
=008  210526t20202020waua    obm  s000 0 eng d
=006  m     o  d s      
=007  cr\||||||||||
=040  \\$aWAU$beng$erda$epn$cWAU$dOCLCO$dOCLCF$dWAU$dOCLCO
=049  \\$aWAUW
=100  1\$aBagaram, Martin B.,$eauthor.
=245  10$aForest planning under climate uncertainty /$cMartin B. Bagaram.
=264  \1$a[Seattle] :$b[University of Washington Libraries],$c[2020]
=264  \4$c©2020
=300  \\$a1 online resource (4 unnumbered pages, viii, 118 pages) :$billustrations (some colour)
=336  \\$atext$btxt$2rdacontent
=336  \\$astill image$bsti$2rdacontent
=337  \\$acomputer$bc$2rdamedia
=338  \\$aonline resource$bcr$2rdacarrier
=340  \\$gpolychrome$2rdacc
=340  \\$gmonochrome$2rdacc
=340  \\$gcolor
=340  \\$gblack and white
=340  \\$pillustration$2rdaill
=347  \\$atext file$2rdaft
=347  \\$bPDF
=502  \\$bPh. D.$cUniversity of Washington$d2020
=504  \\$aIncludes bibliographical references.
=520  3\$aForest management planning aims at selecting the set of stands that should receive treatments such as harvest (harvest scheduling) in different time periods to provide economic, environmental, social, etc., services. However, since forest planning spans several decades, it is subject to many uncertainties including forest growth uncertainty due to climate change. Climate change is of paramount interest because it is arguably one of the most important challenges that contemporary forest managers need to address. It is reported to heavily affect forest growth. Failure to incorporate growth uncertainty in forest management planning can be detrimental to natural resources sustainability since forest managers might implement policies that are not optimal to different climate scenarios. In this dissertation, I argue that climate change uncertainty needs to be explicitly addressed while developing strategic harvest plans. I propose to model forest harvest scheduling in the face of forest growth uncertainty due to climate change as a stochastic optimization problem. This modeling framework allows to make robust decisions without knowing the actual forest growth and yield. However, the resulting optimization models belong to the family of mathematical models deemed hard to solve especially when a high number of scenarios (future growth possibilities) is considered. Moreover, one may argue that the added value of stochastic harvest scheduling models may not be warranted given how their development and implementation is more involved compared to a deterministic model which ignores uncertainties. This research proposes to study how the uncertainty in forest growth due to climate change can be incorporated in forest harvest scheduling. Specifically, in this research 1) I showed that overlooking climate change in harvest scheduling models affects the net present value and the conservation of natural resources; 2) I demonstrated that out of the four climate paths that may affect forest growth in the Pacific northwest, only two climate paths significantly affect the strategic forest harvest scheduling; and 3) I developed a heuristic that allows to handle large size stochastic optimization problems such as the ones in the case of harvest scheduling with climate uncertainty.
=588  0\$aOnline resource; title from PDF title page (ResearchWorks Archive, viewed May 26, 2021).
=650  \0$aForest management$xMathematical models.
=650  \0$aForest conservation$zNorthwest, Pacific.
=650  \0$aForests and forestry$xClimatic factors$zNorthwest, Pacific.
=650  \6$aForêts$0(CaQQLa)201-0004584$xGestion$0(CaQQLa)201-0004584$xModèles mathématiques.$0(CaQQLa)201-0379082
=653  0\$aClimate change
=653  0\$aHarvest scheduling
=653  0\$aStochastic
=653  0\$aOperations research
=653  0\$aForestry
=655  \2$aAcademic Dissertation$0(DNLM)D019478
=655  \4$aTheses$xForestry.
=655  \7$aAcademic theses.$2fast$0(OCoLC)fst01726453
=655  \7$aAcademic theses.$2lcgft
=655  \7$aThèses et écrits académiques.$2rvmgf$0(CaQQLa)RVMGF-000001173
=700  1\$aTóth, Sándor F.,$d1971-$edegree supervisor.
=856  40$uhttp://hdl.handle.net/1773/46805

