=LDR  00000cam a2200000 i 4500
=001  1252785466
=005  20220505004330.6
=008  210526t20202020wauab   obm  s000 0 eng d
=006  m     o  d s      
=007  cr\||||||||||
=040  \\$aWAU$beng$erda$epn$cWAU$dOCLCO$dOCLCF$dWAU$dOCLCO$dWAU$dOCLCO
=049  \\$aWAUW
=100  1\$aMorris, Jenna Elizabeth,$eauthor.
=245  10$aCutting a course :$bexamining the effects of historical thinning treatments on directing forest response to bark beetle outbreaks /$cJenna Elizabeth Morris.
=264  \1$a[Seattle] :$b[University of Washington Libraries],$c[2020]
=264  \4$c©2020
=300  \\$a1 online resource (4 unnumbered pages, iv, 137 pages) :$billustrations (some colour), colour map
=336  \\$atext$btxt$2rdacontent
=336  \\$astill image$bsti$2rdacontent
=336  \\$acartographic image$bcri$2rdacontent
=337  \\$acomputer$bc$2rdamedia
=338  \\$aonline resource$bcr$2rdacarrier
=340  \\$pillustration$2rdaill
=340  \\$pmap$2rdaill
=340  \\$gmonochrome$2rdacc
=340  \\$gpolychrome$2rdacc
=340  \\$gcolor
=340  \\$gblack and white
=347  \\$atext file$2rdaft
=347  \\$bPDF
=502  \\$bM.S.$cUniversity of Washington$d2020
=504  \\$aIncludes bibliographical references.
=520  3\$aBark beetle outbreaks are major natural disturbances in temperate forests across the northern hemisphere, contributing to extensive tree mortality and driving forest change. Recent widespread and severe outbreaks--and projected climate-driven changes to disturbance activity--have raised concerns about forest resilience and the interaction of future outbreaks with other disturbances (e.g., fire). Thinning (i.e., density reduction) treatments may promote resilience to bark beetles by fostering resistance or bolstering forest capacity to respond post outbreak, but opportunities to test treatment efficacy and longevity have been rare. Further, forest managers must consider the effects of thinning on additional objectives such as tradeoffs between fire hazard mitigation and carbon storage. Here, I used a replicated study of old-growth lodgepole pine stands thinned in 1940 and affected by a recent (early 2000s) severe mountain pine beetle outbreak to examine the effects of thinning on (1) components of resilience to outbreak, and (2) post-outbreak fire hazard and carbon storage. I measured stand structural attributes in the field ~8 years post-outbreak and compared resistance to beetle attack (tree- and stand-scale survival), successional trajectories, fuel profiles, and aboveground carbon biomass between uncut (control) and thinned treatment units. Thinning six decades prior to mountain pine beetle outbreak had limited effects on resistance, but additional effects of thinning on stand trajectories, surface and canopy fuel profiles, and aboveground carbon storage persisted following severe outbreak. This study broadens the temporal extent of our understanding of thinning effects on directing forest response to bark beetle outbreaks, with important implications for developing effective management decisions in the face of global change.
=588  0\$aOnline resource; title from PDF title page (ResearchWorks Archive, viewed May 26, 2021).
=650  \0$aBark beetles$xControl$xEnvironmental aspects$zRocky Mountains.
=650  \0$aMountain pine beetle$xControl$xEnvironmental aspects$zRocky Mountains.
=650  \0$aForest fires$xEnvironmental aspects$zRocky Mountains.
=650  \0$aLodgepole pine$xDiseases and pests$xControl$xEnvironmental aspects$zRocky Mountains.
=650  \0$aForest thinning$zRocky Mountains.
=650  \0$aForest resilience$xClimatic factors$zRocky Mountains.
=650  \0$aTemperate forest ecology$zRocky Mountains.
=650  \6$aScolytes de l'écorce$0(CaQQLa)201-0007287$xLutte contre$0(CaQQLa)000275414$xAspect de l'environnement$0(CaQQLa)000275414$zRocheuses, Montagnes.$0(CaQQLa)201-0421868
=650  \6$aDendroctone du pin ponderosa$0(CaQQLa)201-0120019$xLutte contre$0(CaQQLa)201-0120019$xAspect de l'environnement$0(CaQQLa)201-0374355$zRocheuses, Montagnes.$0(CaQQLa)201-0421868
=650  \6$aÉclaircie (Sylviculture)$0(CaQQLa)201-0024796$zRocheuses, Montagnes.$0(CaQQLa)201-0421868
=653  0\$aCarbon storage
=653  0\$aDisturbance interactions
=653  0\$aFire
=653  0\$aLodgepole pine
=653  0\$aMountain pine beetle
=653  0\$aRocky Mountains
=653  0\$aEnvironmental science
=653  0\$aEcology
=653  0\$aForestry
=655  \2$aAcademic Dissertation$0(DNLM)D019478
=655  \4$aTheses$xForestry.
=655  \7$aAcademic theses.$2fast$0(OCoLC)fst01726453
=655  \7$aAcademic theses.$2lcgft
=655  \7$aThèses et écrits académiques.$2rvmgf$0(CaQQLa)RVMGF-000001173
=700  1\$aHarvey, Brian J.,$d1981-$edegree supervisor.$1http://www.wikidata.org/entity/Q100701057
=856  40$uhttp://hdl.handle.net/1773/46806

