=LDR  00000cam a2200000 i 4500
=001  1252785966
=005  20220609205002.4
=008  210526t20202020waua    obm  s000 0 eng d
=006  m     o  d s      
=007  cr\||||||||||
=040  \\$aWAU$beng$erda$epn$cWAU$dOCLCO$dOCLCF$dWAU$dOCLCO$dWAU
=049  \\$aWAUW
=100  1\$aFein, Naomi,$d1996-$eauthor.
=245  10$aGreenspace, mental health, and psychological well-being :$bexploring mechanisms and effect modification /$cNaomi Fein.
=264  \1$a[Seattle] :$b[University of Washington Libraries],$c[2020]
=264  \4$c©2020
=300  \\$a1 online resource (6 unnumbered pages, 94 pages) :$bcolour illustrations
=336  \\$atext$btxt$2rdacontent
=336  \\$astill image$bsti$2rdacontent
=337  \\$acomputer$bc$2rdamedia
=338  \\$aonline resource$bcr$2rdacarrier
=340  \\$gpolychrome$2rdacc
=340  \\$pillustration$2rdaill
=340  \\$gcolor
=347  \\$atext file$2rdaft
=347  \\$bPDF
=502  \\$bM.S.$cUniversity of Washington$d2020
=504  \\$aIncludes bibliographical references (pages 39-51; 78-94).
=520  3\$aIn an age where humans are spending an unprecedented portion of their time indoors, disconnected from nature and unaware of the ecosystem that surrounds them, research is beginning to unveil the intricate role of nature in human health. Not only does humanity rely on the natural world for food, water, and other ecosystem services, but also for psychological well-being, happiness, and mental health maintenance. Many individuals anecdotally understand that time spent in natural settings can ease negative mental health issues such as stress, anxiety, and depressive symptoms, while encouraging positive psychological states, such as happiness and relaxation. Epidemiologists, ecologists, neuroscientists, and researchers from many other disciplines are digging deeply into these ideas, transforming anecdotes into scientific research, and uncovering the mechanisms underlying the connection between mental health and natural environments. They are also exploring whether and to what extent existing trends between greenspace exposure and benefits to mental health may differ among different populations and individuals. To build upon this body of work and help fill critical research gaps, I conducted two research projects-- an environmental epidemiological analysis of data from a large-scale health cohort and a narrative literature review on the Japanese health practice of forest-bathing. The first project utilized data from the Multi-Ethnic Study of Atherosclerosis (MESA), an epidemiologic cohort study with 6,814 participants from six sites across the US. In this analysis, I tested for association between residential proximity to greenspace, measured by the normalized difference vegetation index (NDVI), and scores from the Center for Epidemiologic Studies (CES) Depression Scale, a measure of depressive symptoms. To determine the role of individual-level characteristics in modifying this relationship, I assessed the degree to which chronic burden, a proxy for chronic stress, modified the effects of greenspace on depressive symptoms. This allowed me to determine if highly burdened individuals have pronounced mental health benefits associated with exposure to greenspace. The second project was a narrative literature review on the mental health and psychological well-being benefits of forest exposure. This review builds upon the forest-bathing literature by exploring potential biological and psychological mechanisms underlying the association between forest terpene exposure and benefits to human health. Together, these two projects contribute to the growing body of nature and health literature by diving deeper into mechanistic pathways and by determining the role of individual-level characteristics in the effect of nature on mental health and well-being.
=588  0\$aOnline resource; title from PDF title page (ResearchWorks Archive, viewed May 26, 2021).
=650  \0$aEnvironmental psychology.
=650  \0$aNature$xTherapeutic use.
=650  \0$aHuman beings$xEffect of environment on.
=650  \0$aNature, Healing power of.
=650  \2$aEnvironmental Psychology$0(DNLM)D000069551
=650  \6$aPsychologie de l'environnement.$0(CaQQLa)201-0002638
=650  \6$aNature$0(CaQQLa)201-0010287$xEmploi en thérapeutique.$0(CaQQLa)201-0373975
=650  \6$aHomme$xInfluence de l'environnement.$0(CaQQLa)201-0000139
=650  \6$aMédecine naturelle.$0(CaQQLa)201-0010299
=650  \7$aenvironmental psychology.$2aat$0(CStmoGRI)aat300178818
=650  \7$aForest bathing$2wikidata$0http://www.wikidata.org/entity/Q48645
=653  0\$aEnvironmental health
=653  0\$aEpidemiology
=653  0\$aPsychology
=653  0\$aForestry
=655  \2$aAcademic Dissertation$0(DNLM)D019478
=655  \4$aTheses$xForestry.
=655  \7$aAcademic theses.$2fast$0(OCoLC)fst01726453
=655  \7$aAcademic theses.$2lcgft
=655  \7$aThèses et écrits académiques.$2rvmgf$0(CaQQLa)RVMGF-000001173
=700  1\$aBratman, Gregory,$edegree supervisor.$1http://www.wikidata.org/entity/Q98637482
=856  40$uhttp://hdl.handle.net/1773/46807

