=LDR  00000cam a2200000 i 4500
=001  1252786184
=005  20220508182104.4
=008  210526t20202020wauab   obm  s000 0 eng d
=006  m     o  d s      
=007  cr\||||||||||
=040  \\$aWAU$beng$erda$epn$cWAU$dOCLCO$dOCLCF$dWAU$dOCLCO
=049  \\$aWAUW
=100  1\$aLang, Zhengxin,$eauthor.
=245  10$aIntegrated natural-human system modeling :$ba cost-effectiveness analysis for agricultural nonpoint source pollution control in Minnesota River Basin /$cZhengxin Lang.
=264  \1$a[Seattle] :$b[University of Washington Libraries],$c[2020]
=264  \4$c©2020
=300  \\$a1 online resource (4 unnumbered pages, xiii, 154 pages) :$bcolour illustrations, maps (some colour)
=336  \\$atext$btxt$2rdacontent
=336  \\$astill image$bsti$2rdacontent
=337  \\$acomputer$bc$2rdamedia
=338  \\$aonline resource$bcr$2rdacarrier
=340  \\$gpolychrome$2rdacc
=340  \\$gmonochrome$2rdacc
=340  \\$pillustration$2rdaill
=340  \\$pmap$2rdaill
=340  \\$gcolor
=340  \\$gblack and white
=347  \\$atext file$2rdaft
=347  \\$bPDF
=502  \\$bPh. D.$cUniversity of Washington$d2020
=504  \\$aIncludes bibliographical references (pages 104-126).
=520  3\$aIn the United States, there are more than 330 million acres of row crop agricultural land that produce an abundant supply of food and other products to support food security and economic development. Meanwhile, agricultural nonpoint source (NPS) pollution, most generally occurring in the absence of a landscape conservation plan, is the leading cause of water quality impairments in the rivers and streams in the United States. Voluntary incentive programs are the primary policy mechanism to improve the water quality of agricultural landscapes, employed to increase the supply of non-market ecosystem services alongside food and energy provision. This project seeks to improve the cost-effectiveness of the incentive designs by paying careful attention to both biophysical and farmers' socio-economic factors. Specifically, I 1).developed a hybrid optimization paradigm that combined the evolutionary algorithms with weighted benefit-to-cost ratio ranking to tackle the problem of spatial interdependence in multi-objective optimization; 2).identified the underlying socio-psychological drivers of farmers' intentions for conservation practices adoption, based on first-hand agricultural landowner survey data, factor analysis, and cluster analysis; and 3).estimated landowners' Willingness-to-Accept to the incentive payments and characterized their preference heterogeneity by discrete choice experiments and mixed logit modeling. The project's results enable us to identify the spatially explicit cost-efficient conservation portfolios and analyze trade-offs/synergies among water conservation objectives under various management scenarios. Meanwhile, it advances the designs of targeted incentive mechanisms corresponding to landowners' preferences. My research integrated interdisciplinary knowledge and techniques to explore the complex natural-human system within the Minnesota River Basin for cost-efficient conservation incentive designs. The modeling framework is also transferable to other agricultural landscapes across the nation.
=588  0\$aOnline resource; title from PDF title page (ResearchWorks Archive, viewed May 26, 2021).
=650  \0$aIncentives in conservation of natural resources$zMinnesota River (S.D. and Minn.)
=650  \0$aEnvironmental economics$xMathematical models.
=650  \0$aNonpoint source pollution$zMinnesota River (S.D. and Minn.)
=650  \0$aEnvironmental sociology$zMinnesota River (S.D. and Minn.)
=650  \0$aWater$xPollution$zMinnesota River (S.D. and Minn.)
=650  \0$aAgriculture and state$xEnvironmental aspects$zMinnesota River (S.D. and Minn.)
=650  \0$aLandscape protection$zMinnesota River (S.D. and Minn.)
=650  \6$aStimulants dans la conservation des ressources naturelles$0(CaQQLa)201-0212808$zMinnesota (Dak. du S. et Minn. : Rivière)$0(CaQQLa)201-0441769
=650  \6$aÉconomie de l'environnement$0(CaQQLa)201-0251297$xModèles mathématiques.$0(CaQQLa)201-0379082
=650  \6$aPollution diffuse$0(CaQQLa)201-0251191$zMinnesota (Dak. du S. et Minn. : Rivière)$0(CaQQLa)201-0441769
=650  \6$aSociologie de l'environnement.$0(CaQQLa)000277557
=650  \6$aPaysages$0(CaQQLa)201-0016182$xProtection$0(CaQQLa)201-0016182$zMinnesota (Dak. du S. et Minn. : Rivière)$0(CaQQLa)201-0441769
=653  0\$aBehavioral intention
=653  0\$aBenefit-to-Cost Analysis
=653  0\$aEvolutionary Algorithms
=653  0\$aMulti-objective Optimization
=653  0\$aPreference heterogeneity
=653  0\$aWillingness-to-Accept
=653  0\$aNatural resource management
=653  0\$aEnvironmental economics
=653  0\$aEnvironmental management
=653  0\$aForestry
=655  \2$aAcademic Dissertation$0(DNLM)D019478
=655  \4$aTheses$xForestry.
=655  \7$aAcademic theses.$2fast$0(OCoLC)fst01726453
=655  \7$aAcademic theses.$2lcgft
=655  \7$aThèses et écrits académiques.$2rvmgf$0(CaQQLa)RVMGF-000001173
=700  1\$aRabotyagov, Sergey,$edegree supervisor.$1http://www.wikidata.org/entity/Q111598733
=856  40$uhttp://hdl.handle.net/1773/46808

