=LDR  00000cam a2200000 i 4500
=001  1252786256
=005  20220728190143.1
=008  210526t20202020wauab   obm  s000 0 eng d
=006  m     o  d s      
=007  cr\||||||||||
=040  \\$aWAU$beng$erda$epn$cWAU$dOCLCO$dOCLCF$dWAU$dOCLCO$dWAU
=049  \\$aWAUW
=100  1\$aShores, Carolyn Rachel,$eauthor$1http://www.wikidata.org/entity/Q110718231
=245  10$aPredator-prey spatiotemporal interactions in a multi-use landscape /$cCarolyn Rachel Shores.
=264  \1$a[Seattle] :$b[University of Washington Libraries],$c[2020]
=264  \4$c©2020
=300  \\$a1 online resource (4 unnumbered pages, v, 1 unnumbered page, 7-101 pages, 32 unnumbered pages) :$billustrations (some colour), maps (some colour)
=336  \\$atext$btxt$2rdacontent
=336  \\$astill image$bsti$2rdacontent
=337  \\$acomputer$bc$2rdamedia
=338  \\$aonline resource$bcr$2rdacarrier
=340  \\$gpolychrome$2rdacc
=340  \\$gmonochrome$2rdacc
=340  \\$pmap$2rdaill
=340  \\$pillustration$2rdaill
=340  \\$gcolor
=340  \\$gblack and white
=347  \\$atext file$2rdaft
=347  \\$bPDF
=502  \\$bPh. D.$cUniversity of Washington$d2020
=504  \\$aIncludes bibliographical references.
=520  3\$aApex predators can influence ecosystems by changing the density and behavior of herbivores and other predators. As an ecosystem superpredator, humans may also shape top-down effects in ecological communities by altering apex predator abundance and behavior. In many parts of the world, apex predators live in, or are returning to, landscapes that are human dominated. Thus, it is important to understand the ecological role of apex predators in anthropogenic, multi-use landscapes. I used motion-activated camera traps set in a multi-use landscape in northeastern Washington to compare the effects of: 1) wolves (Canis lupus) on spatiotemporal activity patterns of mesopredators and sympatric apex predators; and 2) the effects of hunting and apex predators on the spatiotemporal activity of herbivorous prey. In areas with wolves, other predators used temporal niche partitioning to avoid wolves. Cougars (Puma concolor) and coyotes (Canis latrans) became more active during the daytime, when wolves were least active, which significantly increased their activity overlap with humans. By contrast, bobcats (Lynx rufus) exposed to wolves changed their activity in patterns opposite to coyotes at nighttime and dusk. Although both mule deer (Odocoileus hemionus) and white-tailed deer (Odocoileus virginianus) increased nocturnality significantly during hunting seasons, the deer species showed species-specific spatiotemporal responses to hunting that, in the case of mule deer, deviated from their typical anti-predator behavior. This pushed mule deer, but not white-tailed deer, into greater spatiotemporal overlap with wolves during hunting seasons, and thus may lead to additive mortality on mule deer from increased wolf predation. In conclusion, the top-down effects of wolves on the behavior of their intraguild competitors appear to be resilient to human disturbance in this system. However, effects on their herbivore prey may be overwhelmed by humans during hunting seasons, leading to greater spatiotemporal overlap with predators. More broadly, my findings highlight that temporal behavioral plasticity is an underappreciated aspect of animal behavior that helps animals manage risk and reduce the negative effects of competition. In addition, the top-down effects of apex predators appear to persist in human-dominated landscapes, particularly within the carnivore guild.
=588  0\$aOnline resource; title from PDF title page (ResearchWorks Archive, viewed May 26, 2021).
=650  \0$aPredation (Biology)$zWashington (State)
=650  \0$aGray wolf$xEffect of human beings on$zWashington (State)
=650  \0$aGray wolf$xBehavior$zWashington (State)
=650  \0$aPuma$xBehavior$zWashington (State)
=650  \0$aBobcat$xBehavior$zWashington (State)
=650  \0$aCoyote$xBehavior$zWashington (State)
=650  \0$aDeer$xEffect of predation on$zWashington (State)
=650  \0$aDeer$xEffect of hunting on$zWashington (State)
=650  \6$aPrédation (Biologie)$0(CaQQLa)201-0001391$zWashington (État)$0(CaQQLa)201-0395184
=650  \6$aLoup gris$0(CaQQLa)201-0244950$xEffets de l'homme sur$0(CaQQLa)000273516$zWashington (État)$0(CaQQLa)201-0395184
=650  \6$aLoup gris$0(CaQQLa)201-0244950$xMœurs et comportement$0(CaQQLa)201-0374934$zWashington (État)$0(CaQQLa)201-0395184
=650  \6$aCouguar$0(CaQQLa)201-0030754$xMœurs et comportement$0(CaQQLa)201-0374934$zWashington (État)$0(CaQQLa)201-0395184
=650  \6$aLynx roux$0(CaQQLa)201-0106858$xMœurs et comportement$0(CaQQLa)201-0374934$zWashington (État)$0(CaQQLa)201-0395184
=650  \6$aCoyote$0(CaQQLa)201-0244892$xMœurs et comportement$0(CaQQLa)201-0374934$zWashington (État)$0(CaQQLa)201-0395184
=650  \6$aCerfs$0(CaQQLa)201-0007753$xEffets de la prédation sur$0(CaQQLa)000273375$zWashington (État)$0(CaQQLa)201-0395184
=650  \6$aCerfs$0(CaQQLa)201-0407974$xEffets de la chasse sur$0(CaQQLa)201-0407974$zWashington (État)$0(CaQQLa)201-0395184
=653  0\$aAnthropogenic
=653  0\$aApex predator
=653  0\$aCamera trap
=653  0\$aMesopredator
=653  0\$aPrey
=653  0\$aTemporal niche partitioning
=653  0\$aEcology
=653  0\$aWildlife management
=653  0\$aWildlife conservation
=653  0\$aForestry
=655  \2$aAcademic Dissertation$0(DNLM)D019478
=655  \4$aTheses$xForestry.
=655  \7$aAcademic theses.$2fast$0(OCoLC)fst01726453
=655  \7$aAcademic theses.$2lcgft
=655  \7$aThèses et écrits académiques.$2rvmgf$0(CaQQLa)RVMGF-000001173
=700  1\$aWirsing, Aaron,$d1974-$edegree supervisor$1http://www.wikidata.org/entity/Q90291439
=856  40$uhttp://hdl.handle.net/1773/46809

