=LDR  00000cam a2200000 i 4500
=001  1252786518
=005  20220728191021.8
=008  210526t20202020wauab   obm  s000 0 eng d
=006  m     o  d s      
=007  cr\||||||||||
=040  \\$aWAU$beng$erda$epn$cWAU$dOCLCO$dOCLCF$dOCLCO$dWAU
=049  \\$aWAUW
=100  1\$aPrasad, Nameeta,$eauthor.
=245  10$aPolicy interventions in India to improve coastal risk reduction in the face of climate change /$cNameeta Prasad.
=264  \1$a[Seattle] :$b[University of Washington Libraries],$c[2020]
=264  \4$c©2020
=300  \\$a1 online resource (5 unnumbered pages, ii-iv pages, 28 pages, ix pages, 2 unnumbered pages) :$bcolour illustrations, colour maps +$e2 supplemental image files (JPG)
=336  \\$atext$btxt$2rdacontent
=336  \\$astill image$bsti$2rdacontent
=337  \\$acomputer$bc$2rdamedia
=338  \\$aonline resource$bcr$2rdacarrier
=340  \\$gpolychrome$2rdacc
=340  \\$pillustration$2rdaill
=340  \\$pmap$2rdaill
=340  \\$gcolor
=347  \\$atext file$2rdaft
=347  \\$aimage file$2rdaft
=347  \\$bPDF
=500  \\$aAccompanied by two JPG files (1006.Kb, 1.018Mb).
=502  \\$bM.S.$cUniversity of Washington$d2020
=504  \\$aIncludes bibliographical references (pages 25-28).
=520  3\$aCoastal zones are one of the most dynamic natural ecosystems of our planet. The survival and livelihoods of coastal communities are contingent on the ecosystem services that coastal zones provide. Primary among these services is the reduction of coastal risks through the attenuation/ dissipation of wave energy, breaking of offshore waves, slowing of inland water transfer and sediment stabilization. These functions protect people and infrastructure from coastal risks like tsunamis, storm surges, high wind and wave velocity, and other such extreme events. There is increasing evidence that coastal ecosystems including marshes, mangroves, near-shore coral reefs, seagrass beds, and sandy beaches and dunes provide the critical service of coastal risk reduction. Coastal systems and low-lying areas will increasingly experience adverse impacts brought on by climate change such as submergence, coastal flooding, and coastal erosion due to relative sea-level rise. Changes in storm intensity, high wind and wave velocity and storm surges may further contribute to an increase in the hazards faced by coastal communities. My analysis showed that the threats faced by the states on the eastern coast of India are very high and the coping capacity of these states is low. This would exacerbate the impact of extreme events, brought on by climate change, in these states. Further, geospatial analysis shows that natural coastal ecosystems have declined over the last two decades and urbanization has occurred at a very fast pace, at the expense of these natural ecosystems. Coastal population has also increased, further increasing the exposure to coastal risks. Using DPSIR as a framework, I analyzed two polices relevant to coastal risk reduction and climate change, the National Action Plan on Climate Change (2008) and the Coastal Regulation Zone (2019). My analysis showed that these policies do not sufficiently identify and address the climate drivers and the pressures that coastal ecosystems face. They also do not fully identify the state of the ecosystem or address the pressures. The response needs augmenting as zoning allows for too many exemptions and permissions, identification and mapping of important areas of concern have not been completely carried out, and clear goals have not been set. The measures do not adequately address threats and do not contain objective criteria for assessment. Further, outcome indicators have also not been defined. While data illustrates the fact that coastal risks have increased due to urbanization and loss of natural cover, sufficient measures have not been put in place to address these. Based on the shortcomings and lacunae in the capacity of the analyzed policies to address threats to coastal areas, I have proposed a number of modifications in these policies. Most of these recommendations relate to the inclusion of an ecosystem perspective in these policies. There is also a need to take a science based approach to policy making which would make these policies more responsive to the increasing threats to coastal risk reduction in the light of climate change. Inclusion of measures to address climate drivers, pressures, impacts and threats would better position these policies in conserving the coastal ecosystems and enhance their capacity for risk reduction.
=588  0\$aOnline resource; title from PDF title page (ResearchWorks Archive, viewed May 26, 2021).
=650  \0$aEnvironmental policy$zIndia.
=650  \0$aCoastal zone management$zIndia.
=650  \0$aClimatic changes$xGovernment policy$zIndia.
=650  \0$aClimate change mitigation$zIndia.
=650  \0$aClimatic changes$xRisk management$zIndia.
=653  0\$aClimate change
=653  0\$aCoastal ecosystems
=653  0\$aCoastal risk reduction
=653  0\$aEcosystem services
=653  0\$aIndia
=653  0\$aPolicy
=653  0\$aEnvironmental science
=653  0\$aEnvironmental management
=653  0\$aEnvironmental law
=653  0\$aForestry
=655  \2$aAcademic Dissertation$0(DNLM)D019478
=655  \4$aTheses$xForestry.
=655  \7$aAcademic theses.$2fast$0(OCoLC)fst01726453
=655  \7$aAcademic theses.$2lcgft
=655  \7$aThèses et écrits académiques.$2rvmgf$0(CaQQLa)RVMGF-000001173
=700  1\$aLawler, Joshua J.$q(Joshua John),$edegree supervisor$1http://www.wikidata.org/entity/Q58065075
=856  40$uhttp://hdl.handle.net/1773/46810

