=LDR  00000cam a2200000 i 4500
=001  1252786474
=005  20220831165935.4
=008  210526t20202020wauab   obm  s000 0 eng d
=006  m     o  d s      
=007  cr\||||||||||
=040  \\$aWAU$beng$erda$epn$cWAU$dOCLCO$dOCLCF$dWAU$dOCLCO$dWAU$dOCLCQ
=049  \\$aWAUW
=100  1\$aHarding, Bridget,$d1994-$eauthor.
=245  14$aThe organizational sustainability of environmental nongovernmental organizations in South Korea :$ba preliminary study of autonomy, public perception, and advocacy /$cBridget Harding.
=264  \1$a[Seattle] :$b[University of Washington Libraries],$c[2020]
=264  \4$c©2020
=300  \\$a1 online resource (1 unnumbered page, 141 pages) :$billustrations (some colour), colour map
=336  \\$atext$btxt$2rdacontent
=336  \\$astill image$bsti$2rdacontent
=337  \\$acomputer$bc$2rdamedia
=338  \\$aonline resource$bcr$2rdacarrier
=340  \\$gpolychrome$2rdacc
=340  \\$gmonochrome$2rdacc
=340  \\$pillustration$2rdaill
=340  \\$pmap$2rdaill
=340  \\$gcolor
=340  \\$gblack and white
=347  \\$atext file$2rdaft
=347  \\$bPDF
=502  \\$bM.M.A.$cUniversity of Washington$d2020
=502  \\$bM.A.I.S.$cUniversity of Washington$d2020
=504  \\$aIncludes bibliographical references (pages 129-134).
=520  3\$aThis thesis investigates environmental nongovernmental organizations (ENGOs) operating in the non-Western setting of the Republic of South Korea by presenting a literature review of the history of Korean NGOs and the environmental movement in Korea, and analyzing data gathered while conducting interviews at a selection of Korean ENGOs. By adapting the Family Health International (FHI) 360 Civil Society Organization Sustainability Index (CSOSI), this study advances the field of research on the Korean civil society sector by offering insights into how Korean ENGOs have adapted to changes and sustained themselves as organizations. It examines Korean ENGOs' autonomy from the Korean government, the impact of government funding on ENGOs advocacy, and ENGOs' concern about how they are perceived by other sectors in Korea. The findings reveal three hypotheses for further research on the ENGO sector in Korea and other parts of the world.
=588  0\$aOnline resource; title from PDF title page (ResearchWorks Archive, viewed May 26, 2021).
=650  \0$aNon-governmental organizations$zKorea (South)
=650  \0$aEnvironmentalism$zKorea (South)$xHistory.
=650  \0$aOrganizational resilience$zKorea (South)
=650  \0$aCivil society$zKorea (South)
=650  \6$aOrganisations non gouvernementales$0(CaQQLa)201-0157138$zCorée du Sud.$0(CaQQLa)201-0476627
=650  \6$aEnvironnementalisme$0(CaQQLa)000268663$zCorée du Sud$0(CaQQLa)201-0476627$xHistoire.$0(CaQQLa)201-0378888
=650  \6$aRésilience organisationnelle$0(CaQQLa)000267924$zCorée du Sud.$0(CaQQLa)201-0476627
=650  \6$aSociété civile$0(CaQQLa)201-0227514$zCorée du Sud.$0(CaQQLa)201-0476627
=653  0\$aAdvocacy
=653  0\$aAutonomy
=653  0\$aEnvironmental nongovernmental organizations
=653  0\$aOrganizational sustainability
=653  0\$aPublic perception
=653  0\$aSouth Korea
=653  0\$aAsian studies
=653  0\$aEnvironmental management
=653  0\$aMarine affairs
=655  \4$aTheses$xMarine affairs.
=655  \4$aTheses$xInternational studies.
=655  \7$aAcademic theses.$2fast$0(OCoLC)fst01726453
=655  \7$aAcademic theses.$2lcgft
=655  \7$aThèses et écrits académiques.$2rvmgf$0(CaQQLa)RVMGF-000001173
=700  1\$aDolšak, Nives,$edegree supervisor$1http://www.wikidata.org/entity/Q66123806
=856  40$uhttp://hdl.handle.net/1773/46831

