=LDR  00000cam a2200000 i 4500
=001  1253401703
=005  20220831165938.2
=008  210601t20202020waua    obm  s000 0 eng d
=006  m     o  d s      
=007  cr\||||||||||
=040  \\$aWAU$beng$erda$epn$cWAU$dOCLCO$dOCLCF$dWAU$dOCLCO$dWAU$dOCLCO$dWAU$dOCLCQ
=049  \\$aWAUW
=100  1\$aNixon, Marisa,$eauthor.
=245  12$aA framework for assessing the equity impacts of changing access regimes in fisheries /$cMarisa Nixon.
=264  \1$a[Seattle] :$b[University of Washington Libraries],$c[2020]
=264  \4$c©2020
=300  \\$a1 online resource (71 pages) :$bcolour illustrations
=336  \\$atext$btxt$2rdacontent
=336  \\$astill image$bsti$2rdacontent
=337  \\$acomputer$bc$2rdamedia
=338  \\$aonline resource$bcr$2rdacarrier
=340  \\$gpolychrome$2rdacc
=340  \\$pillustration$2rdaill
=340  \\$gcolor
=347  \\$atext file$2rdaft
=347  \\$bPDF
=502  \\$bM.M.A.$cUniversity of Washington$d2020
=504  \\$aIncludes bibliographical references (pages 45-70).
=520  3\$aThis thesis outlines historic trends and current policy focus toward privatization in the ocean, provides a basis for assessing how this process is affecting access to fisheries resources, and suggests how considerations of equity should be incorporated into our assessments of such changing access regimes. The current focus on privatization as a means for extracting the most economic benefit from the ocean endangers access to resources that are important for food and livelihood security for a large percentage of the global population. Ultimately, in order to preserve equitable access to fisheries resources and food production in the coastal landscape, we need to develop a system or typology that carefully documents existing access rights and fisheries management regimes, whether reforms are deemed successful, and what their sustainability outcomes are. This documentation is important not only so changes can be measured over time and so we can consider alternatives, but so the voices of those who may be marginalized by large-scale transitions in access can be considered. This thesis provides a brief overview of the history of enclosure of the Commons, drawing parallels between land and sea, before focusing more directly on saving space for food production in the ocean. Next, the access arrangements, governance and management models that are in common use for regulating access to fisheries are introduced before considering how the analysis of fisheries management and governance styles have been approached in the past. Finally, a typology of access arrangements is proposed.
=588  0\$aOnline resource; title from PDF title page (ResearchWorks Archive, viewed June 1, 2021).
=650  \0$aOcean zoning$xSocial aspects.
=650  \0$aFishery policy$xSocial aspects.
=650  \0$aMarine resources$xManagement.
=650  \0$aPrivatization.
=650  \0$aGlobal commons.
=650  \6$aPêches$0(CaQQLa)201-0054825$xPolitique gouvernementale$0(CaQQLa)201-0054825$xAspect social.$0(CaQQLa)201-0374080
=650  \6$aPrivatisation.$0(CaQQLa)201-0138513
=650  \6$aBiens communs mondiaux.$0(CaQQLa)201-0438953
=653  0\$aEnvironmental management
=653  0\$aMarine affairs
=655  \4$aTheses$xMarine affairs.
=655  \7$aAcademic theses.$2fast$0(OCoLC)fst01726453
=655  \7$aAcademic theses.$2lcgft
=655  \7$aThèses et écrits académiques.$2rvmgf$0(CaQQLa)RVMGF-000001173
=700  1\$aOta, Yoshitaka,$d1969-$edegree supervisor.$1http://www.wikidata.org/entity/Q27663425
=856  40$uhttp://hdl.handle.net/1773/46832

