=LDR  00000cam a2200000 i 4500
=001  1253401972
=005  20220728191340.1
=008  210601t20202020waub    obm  s000 0 eng d
=006  m     o  d s      
=007  cr\||||||||||
=040  \\$aWAU$beng$erda$epn$cWAU$dOCLCO$dOCLCF$dOCLCO$dWAU
=049  \\$aWAUW
=100  1\$aMcKeown, Megan,$eauthor.
=245  10$aCarbon trading & environmental equity :$bevidence from the Regional Greenhouse Gas Initiative (2000 - 2019) /$cMegan McKeown.
=246  33$aCarbon trading and environmental equity :$bevidence from the Regional Greenhouse Gas Initiative (2000 - 2019)
=264  \1$a[Seattle] :$b[University of Washington Libraries],$c[2020]
=264  \4$c©2020
=300  \\$a1 online resource (25 unnumbered pages) :$bcolour map
=336  \\$atext$btxt$2rdacontent
=336  \\$astill image$bsti$2rdacontent
=337  \\$acomputer$bc$2rdamedia
=338  \\$aonline resource$bcr$2rdacarrier
=340  \\$gpolychrome$2rdacc
=340  \\$pmap$2rdaill
=340  \\$gcolor
=347  \\$atext file$2rdaft
=347  \\$bPDF
=502  \\$bM.M.A.$cUniversity of Washington$d2020
=504  \\$aIncludes bibliographical references (pages 23-25).
=520  3\$aThe Regional Greenhouse Gas Initiative (RGGI) was the first carbon cap-and-trade policy established in the U.S. The goal of RGGI was to mitigate climate change by regulating the emission of CO₂ from fossil-fuel fired electric power plants located in the ten participating Northeast states. Given CO₂ disperses globally, any reduction in emissions regardless of geographic location is beneficial in reducing the impacts of climate change, making CO₂ an ideal pollutant for flexible market-based instruments. However, since CO₂ emissions from fossil-fuel fired power plants are accompanied with co-pollutants that cause local harm to human health, market-based solutions create the potential for co-pollutant hotspots to form. This analysis examined whether RGGI has resulted in hotspots in locations where they could disproportionately impact communities color, low-income, low-educational attainment, and linguistic isolation. Temporal trends in emission of CO₂ with respect to multiple measures of neighborhood demographics were evaluated using data from 2000 - 2019. The results of this research found that (1) neighborhoods near facilities regulated under RGGI have higher proportions of non-white residents, low educational attainment, poverty, and linguistic isolation than those further away; (2) twenty nine percent of facilities have continued to increase their emissions since the implementation of RGGI; and (3) the neighborhoods located near facilities with increasing emissions are found to have a statistically significant higher proportion of residents of color and households below the poverty line. These results raise environmental equity concerns regarding the health of communities of color and low-income located in RGGI states.
=588  0\$aOnline resource; title from PDF title page (ResearchWorks Archive, viewed June 1, 2021).
=650  \0$aGreenhouse gas mitigation$xLaw and legislation$zUnited States.
=650  \0$aCarbon dioxide mitigation$xLaw and legislation$zUnited States.
=650  \0$aFossil fuel power plants$xEnvironmental aspects$zUnited States.
=650  \0$aFossil fuel power plants$xMoral and ethical aspects$zUnited States.
=650  \0$aEnvironmental ethics$zUnited States.
=653  0\$aAir Pollution
=653  0\$aCarbon Pricing
=653  0\$aCensus
=653  0\$aClimate Change
=653  0\$aEnvironmental Equity
=653  0\$aEnvironmental Governance
=653  0\$aEnvironmental economics
=653  0\$aEnvironmental justice
=653  0\$aMarine affairs
=655  \2$aAcademic Dissertation$0(DNLM)D019478
=655  \4$aTheses$xMarine affairs.
=655  \7$aAcademic theses.$2fast$0(OCoLC)fst01726453
=655  \7$aAcademic theses.$2lcgft
=655  \7$aThèses et écrits académiques.$2rvmgf$0(CaQQLa)RVMGF-000001173
=700  1\$aDolšak, Nives,$edegree supervisor$1http://www.wikidata.org/entity/Q66123806
=856  40$uhttp://hdl.handle.net/1773/46833

