=LDR  00000cam a2200000 i 4500
=001  1253402035
=005  20220728191508.9
=008  210601t20202020waua    obm  s000 0 eng d
=006  m     o  d s      
=006  m     o  a s      
=007  cr\||||||||||
=040  \\$aWAU$beng$erda$epn$cWAU$dOCLCO$dOCLCF$dOCLCO$dWAU
=049  \\$aWAUW
=100  1\$aBoysen, Angela,$eauthor.$1http://www.wikidata.org/entity/Q92094002
=245  10$aMarine microbial metabolomics :$ba journey through time, space, and metabolism /$cAngela Boysen.
=264  \1$a[Seattle] :$b[University of Washington Libraries],$c[2020]
=264  \4$c©2020
=300  \\$a1 online resource (4 unnumbered pages, xiii, 255 pages) :$billustrations (some colour) +$e4 files (XLSX)
=336  \\$atext$btxt$2rdacontent
=336  \\$astill image$bsti$2rdacontent
=337  \\$acomputer$bc$2rdamedia
=338  \\$aonline resource$bcr$2rdacarrier
=340  \\$gpolychrome$2rdacc
=340  \\$gmonochrome$2rdacc
=340  \\$pillustration$2rdaill
=340  \\$gcolor
=340  \\$gblack and white
=347  \\$atext file$2rdaft
=347  \\$adata file$2rdaft
=347  \\$bPDF
=500  \\$aAccompanied by four Excel files (334.4Kb, 88.80Kb, 268.6Kb, 1.505Mb).
=502  \\$bPh. D.$cUniversity of Washington$d2020
=504  \\$aIncludes bibliographical references (pages 228-255).
=520  3\$aMicroorganisms control the flux of energy, stored as organic matter, into the ocean through the cumulative effects of individual metabolisms and community interactions. Metabolites are the currency of microbial metabolism, are carefully regulated to meet the metabolic demands of organisms living in dynamic environments, and reflect cellular status and metabolic strategies for nutrient acquisition, energy storage, redox maintenance, and more. This dissertation focuses on developing metabolomics techniques for the marine environment and using them to study microbial dynamics over time and space to identify compounds that are key microbial currencies. In order to study natural populations of marine microbes, I developed a method for targeted and untargeted metabolomics data acquisition and analysis with the unique challenges of marine samples in mind (Chapter 2). I use this method to study the influence of the diel cycle on the marine microbial community at Station ALOHA in the North Pacific Subtropical Gyre, ultimately showing synchrony of daytime anabolism and nighttime catabolism as seen through diel oscillations of ubiquitous metabolites including cofactors and vitamins. Through pairing metabolite and gene expression data, I demonstrate the strategies that specific photoautotrophs use to manage the daily fluctuations in solar energy (Chapter 3). To examine how microorganisms respond to other environmental forcings, I investigate the metabolism of microbial communities across the North Pacific Transition Zone and identify metabolic currencies used by those communities to adapt to varying nutrient supply (Chapter 4). Nutrient amendment experiments show the dominance of nitrogen limitation throughout this region and the potential for iron-nitrogen co-limitation near the subtropical chlorophyll front. Finally, in order to explore the potential for metabolites to be nutrient sources to the microbial community, I investigate the ability of natural microbial communities to use the abundant osmolyte glycine betaine. I determine the kinetics of uptake and identify the metabolic uses of glycine betaine in two different natural microbial communities and show that its use as a nutrient differs depending on DIN availability (Chapter 5). In full, this dissertation provides some of the first metabolomics measurements in the natural marine environment and identifies and explores the roles of key organic molecules in shaping the microbial community structure and function.
=588  0\$aOnline resource; title from PDF title page (ResearchWorks Archive, viewed June 1, 2021).
=650  \0$aMarine microbial ecology$zNorth Pacific Region.
=650  \0$aMarine metabolites$zNorth Pacific Region.
=650  \0$aMicrobial metabolism.
=653  0\$aDiel-cycles
=653  0\$aMarine
=653  0\$aMetabolomics
=653  0\$aMicroorganisms
=653  0\$aNutrient-limitation
=653  0\$aPhytoplankton
=653  0\$aChemical oceanography
=653  0\$aBiological oceanography
=653  0\$aOceanography
=655  \2$aAcademic Dissertation$0(DNLM)D019478
=655  \4$aTheses$xOceanography.
=655  \7$aAcademic theses.$2fast$0(OCoLC)fst01726453
=655  \7$aAcademic theses.$2lcgft
=655  \7$aThèses et écrits académiques.$2rvmgf$0(CaQQLa)RVMGF-000001173
=700  1\$aIngalls, Anitra E.,$edegree supervisor.$1http://www.wikidata.org/entity/Q63389839
=856  40$uhttp://hdl.handle.net/1773/46865

