=LDR  00000cam a2200000 i 4500
=001  1253402659
=005  20220721202705.8
=008  210601t20202020waua    obm  s000 0 eng d
=006  m     o  d s      
=007  cr\||||||||||
=040  \\$aWAU$beng$erda$epn$cWAU$dOCLCO$dOCLCF$dOCLCO$dWAU
=049  \\$aWAUW
=100  1\$aPenn, Justin Leonard,$eauthor.$1http://www.wikidata.org/entity/Q90316423
=245  10$aBiosphere impacts of ocean hypoxia in a warming climate /$cJustin Leonard Penn.
=264  \1$a[Seattle] :$b[University of Washington Libraries],$c[2020]
=264  \4$c©2020
=300  \\$a1 online resource (6 unnumbered pages, v, 152 pages) :$billustrations (some colour)
=336  \\$atext$btxt$2rdacontent
=336  \\$astill image$bsti$2rdacontent
=337  \\$acomputer$bc$2rdamedia
=338  \\$aonline resource$bcr$2rdacarrier
=340  \\$gpolychrome$2rdacc
=340  \\$gmonochrome$2rdacc
=340  \\$pillustration$2rdaill
=340  \\$gcolor
=340  \\$gblack and white
=347  \\$atext file$2rdaft
=347  \\$bPDF
=502  \\$bPh. D.$cUniversity of Washington$d2020
=504  \\$aIncludes bibliographical references (pages 137-152).
=520  3\$aEarth's climate and biology mediate the availability of dissolved oxygen (O₂) in seawater, a key environmental constraint on energy acquisition for diverse marine life. Energy available for organismal growth, activity, and maintenance becomes limited when the environmental O₂ supply falls short of the biological demand, a physiological condition termed 'hypoxia', which has far-reaching biogeochemical and ecological consequences beyond fitness detriments to individual species. For instance, in the ocean's small anoxic zones (O₂ < ~5 muM), O₂ limitation of aerobic microbes selects for slower anaerobic metabolisms that convert nitrate (NO₃-), a critical macronutrient, to biologically inert N2 gas, thereby causing widespread nitrogen limitation of phytoplankton. Marine animals are more sensitive to low O₂ conditions than microbes and have no sustainable alternative metabolism to aerobic energy production. Even modest O₂ depletion can thus lead to their habitat restriction, both in the long-term by stable aerobic barriers, and dynamically from climate forcing. On geologic timescales, periods of extreme ocean warming and O₂ loss have been tied to episodes of global mass extinction. Currently, anthropogenic climate warming risks O₂ depletion of the modern ocean, threatening both global marine productivity and biodiversity. In this thesis, I aim to use mathematical models of physiology, ecology, biogeochemistry, and climate to explore the effects of hypoxia on marine ecosystems. In Chapters 2 and 3, I develop and analyze a microbial ecosystem model of the ocean's low O₂ zones, fit to geochemical data, to study how competitive dynamics between aerobic and anaerobic microbes regulate global nutrient loss. I find that species competition along minute O₂ gradients at the edges of anoxic zones modulates the long-term rate of ocean N removal, its sensitivity to climate forcing, and causes basin-wide fluctuations in N loss over time even in a stable environment. In Chapters 4 and 5, I focus on marine animal extinction risks from O₂ loss driven by warming by combining Earth System Model simulations of past and future climate change events with a model of species' ecophysiologial limits, calibrated by published laboratory measurements. Focusing on the Permian/Triassic marine mass extinction (~252 million years ago), in Chapter 4, I find that the predicted intensity and biogeographic signature of extinctions arising from ocean warming and O₂ loss explain reconstructions of this event from the marine fossil record. This work thus establishes a mechanistic link between global warming, hypoxia and extinction, with dire implications for future climate change. In Chapter 5, I project animal extinction risks from anthropogenic climate warming and O₂ loss under divergent future greenhouse gas emissions scenarios. If future emissions continue to accelerate, by the end of the century, extinctions driven by temperature-dependent hypoxia will surpass those from current anthropogenic threats, eventually risking a mass extinction comparable to the "Big Five" biotic crises in Earth's past. "Flattening the curve" of global greenhouse gas emissions would curtail these extinction risks, protecting the diversity of animal life in the oceans.
=588  0\$aOnline resource; title from PDF title page (ResearchWorks Archive, viewed June 1, 2021).
=650  \0$aHypoxia (Water)
=650  \0$aMarine organisms$xEffect of global warming on.
=650  \0$aExtinction (Biology)$xEnvironmental aspects.
=650  \0$aMicrobial ecology.
=650  \0$aMarine ecology.
=653  0\$aBiogeochemistry
=653  0\$aClimate change
=653  0\$aMarine ecology
=653  0\$aMass extinction
=653  0\$aMetabolic theory
=653  0\$aOcean deoxygenation
=653  0\$aChemical oceanography
=653  0\$aBiological oceanography
=653  0\$aOceanography
=655  \2$aAcademic Dissertation$0(DNLM)D019478
=655  \4$aTheses$xOceanography.
=655  \7$aAcademic theses.$2fast$0(OCoLC)fst01726453
=655  \7$aAcademic theses.$2lcgft
=655  \7$aThèses et écrits académiques.$2rvmgf$0(CaQQLa)RVMGF-000001173
=700  1\$aDeutsch, Curtis A.,$d1974-$edegree supervisor$1http://www.wikidata.org/entity/Q90316428
=856  40$uhttp://hdl.handle.net/1773/46866

