=LDR  00000cam a2200000 i 4500
=001  1253401983
=005  20220721205407.6
=008  210601t20202020wauab   obm  s000 0 eng d
=006  m     o  d s      
=007  cr\||||||||||
=040  \\$aWAU$beng$erda$epn$cWAU$dOCLCO$dOCLCF$dOCLCO$dWAU
=049  \\$aWAUW
=100  1\$aScannell, Hillary A.,$eauthor.$1http://www.wikidata.org/entity/Q62935691
=245  10$aSeas in hot water :$bmarine heatwaves on the move : following the heat /$cHillary A. Scannell.
=264  \1$a[Seattle] :$b[University of Washington Libraries],$c[2020]
=264  \4$c©2020
=300  \\$a1 online resource (3 unnumbered page, vii, 127 pages) :$billustrations (some colour), colour maps
=336  \\$atext$btxt$2rdacontent
=336  \\$astill image$bsti$2rdacontent
=336  \\$acartographic image$bcri$2rdacontent
=337  \\$acomputer$bc$2rdamedia
=338  \\$aonline resource$bcr$2rdacarrier
=340  \\$gpolychrome$2rdacc
=340  \\$gmonochrome$2rdacc
=340  \\$pillustration$2rdaill
=340  \\$gcolor
=340  \\$gblack and white
=347  \\$atext file$2rdaft
=347  \\$bPDF
=502  \\$bPh. D.$cUniversity of Washington$d2020
=504  \\$aIncludes bibliographical references (pages 113-127).
=520  3\$aOver the past decade marine heatwaves (MHWs) have gained increased attention due to their long-lasting impacts on marine ecosystems and the services they provide. These unusual, warm-water events have occurred throughout the global ocean, often having the most severe impacts along the coast. As ocean temperatures continue to rise due to anthropogenic greenhouse gas forcing, MHWs are expected to become more frequent, intense, and longer-lasting. This raises concerns for how dangerous MHWs may become in the future. This dissertation provides new insights into the spatiotemporal evolution of marine heatwaves using a global network of satellite and in situ observations. This work first describes the role of the ocean and atmosphere in driving upper ocean temperature seasonally using a mixed layer heat budget, which is essential to diagnosing the drivers of MHWs. The roles of subsurface temperature, salinity, and density are also examined with respect to the persistence and penetration of recent Northeast Pacific MHWs. Lastly, a new tracking algorithm is proposed to characterize the spatiotemporal evolution of MHWs globally, and to understand the sensitivities of spatial resolution and chosen thresholds in the detection of MHWs. This collection of work contributes to the eventual forecast of MHWs that will assist marine managers in mitigating the harmful impacts from these events in the future.
=588  0\$aOnline resource; title from PDF title page (ResearchWorks Archive, viewed June 1, 2021).
=650  \0$aMarine meteorology.
=650  \0$aHeat waves (Meteorology)
=650  \0$aOcean temperature.
=650  \0$aGreenhouse gases$xEnvironmental aspects.
=653  0\$aPhysical oceanography
=653  0\$aOceanography
=655  \2$aAcademic Dissertation$0(DNLM)D019478
=655  \4$aTheses$xOceanography.
=655  \7$aAcademic theses.$2fast$0(OCoLC)fst01726453
=655  \7$aAcademic theses.$2lcgft
=655  \7$aThèses et écrits académiques.$2rvmgf$0(CaQQLa)RVMGF-000001173
=700  1\$aThompson, LuAnne,$edegree supervisor$1http://www.wikidata.org/entity/Q58149392
=856  40$uhttp://hdl.handle.net/1773/46867

