=LDR  00000cam a2200000 i 4500
=001  1253402689
=005  20220819232920.6
=008  210601t20202020wauab   obm  s000 0 eng d
=006  m     o  d s      
=006  m     o  a s      
=007  cr\||||||||||
=040  \\$aWAU$beng$erda$epn$cWAU$dOCLCO$dOCLCF$dOCLCO$dWAU$dOCLCA
=049  \\$aWAUW
=100  1\$aBolden, Isaiah W.,$eauthor$1http://www.wikidata.org/entity/Q112620024
=245  10$aConstructing a toolbox of geochemical indicators of community composition shifts in coral reef ecosystems under stress /$cIsaiah W. Bolden.
=264  \1$a[Seattle] :$b[University of Washington Libraries],$c[2020]
=264  \4$c©2020
=300  \\$a1 online resource (2 unnumbered pages, xxii, 211 pages) :$billustrations (some colour), colour maps
=336  \\$atext$btxt$2rdacontent
=336  \\$astill image$bsti$2rdacontent
=336  \\$acartographic image$bcri$2rdacontent
=337  \\$acomputer$bc$2rdamedia
=338  \\$aonline resource$bcr$2rdacarrier
=340  \\$gpolychrome$2rdacc
=340  \\$gmonochrome$2rdacc
=340  \\$pillustration$2rdaill
=340  \\$pmap$2rdaill
=340  \\$gcolor
=340  \\$gblack and white
=347  \\$atext file$2rdaft
=347  \\$adata file$2rdaft
=347  \\$bPDF
=500  \\$aVita.
=500  \\$aAccompanied by an Excel file (5.580Mb).
=502  \\$bPh. D.$cUniversity of Washington$d2020
=504  \\$aIncludes bibliographical references (pages 136-166).
=520  3\$aModern coral reef ecosystems house 25% of the planet's entire marine biodiversity in ~ 0.1% of the surface area cover of the ocean and provide numerous ecosystem services for human populations. Unfortunately, these marine rainforests are known to be in a global state of decline, largely due to the impacts of sea-surface warming, ocean acidification, pollution, disease, and other direct human impacts. Numerous studies have proposed that as these stressors increase in reef environments, a pronounced shift from precipitation to dissolution of calcium carbonate (CaCO₃) substrates will induce the collapse of habitat-forming coral structures and lead to dominance of macroalgae. Together, these changes lend themselves to a decline in the overall biodiversity of marine organisms hosted in today's reef ecosystems in addition to major losses to global fisheries,erosion of coastal protection, and dissolution of the foundations of many tropical islands. As a means to improve future reef management and adaptation strategies, there has been a recent push for the development of new tools for monitoring the health of coral reefs under environmental stressors. My research follows a forensic geochemistry approach to understand ecological shifts within and between reef ecosystems in the age of anthropogenic climate change. Specifically, I combine discrete and continuous measurements of seawater composition in coral reef environments, mathematical modeling, and high-resolution mass spectrometry to determine the most effective geochemical proxies for changes in reef metabolism and community composition under stress. Here, I will report on (1) the limitations of exploring variability in modern reef metabolism through assumptions of canonical relationships between carbon and oxygen budgets, (2) the development of a high-precision method for detecting variability in the seawater dissolved strontium-to-calcium (Sr/Casw) ratio and its potential as an indicator of calcifier community composition, and (3) variability in the stable carbon isotope (delta-13 C) composition of seawater dissolved inorganic carbon (DIC) on reefs as a potential proxy for benthic primary producer community composition. With the current unprecedented decline of coral reef ecosystems, the ultimate goal of my research is to construct a sophisticated and quantitative toolkit for detecting ecological transitions within these dynamic marine habitats.
=588  0\$aOnline resource; title from PDF title page (ResearchWorks Archive, viewed June 1, 2021).
=650  \0$aCoral reef ecology.
=650  \0$aCoral reefs and islands$xMonitoring.
=650  \0$aCoral declines$xMathematical models.
=650  \0$aCorals$xClimatic factors.
=653  0\$aBiogeochemical Cycling
=653  0\$aCarbonate Chemistry
=653  0\$aCoral Reefs
=653  0\$aSr/Ca Ratio
=653  0\$aStable Carbon Isotopes
=653  0\$aTrace Metals
=653  0\$aChemical oceanography
=653  0\$aOceanography
=655  \2$aAcademic Dissertation$0(DNLM)D019478
=655  \4$aTheses$xOceanography.
=655  \7$aAcademic theses.$2fast$0(OCoLC)fst01726453
=655  \7$aAcademic theses.$2lcgft
=655  \7$aThèses et écrits académiques.$2rvmgf$0(CaQQLa)RVMGF-000001173
=700  1\$aGagnon, Alexander C.,$edegree supervisor.$1http://www.wikidata.org/entity/Q101445568
=856  40$uhttp://hdl.handle.net/1773/46868

