=LDR  00000cam a2200000 i 4500
=001  1253417712
=005  20220817203641.1
=008  210601t20212021wauab   obm  s000 0 eng d
=006  m     o  d s      
=007  cr\||||||||||
=040  \\$aWAU$beng$erda$epn$cWAU$dOCLCO$dOCLCF$dOCLCO$dWAU
=049  \\$aWAUW
=100  1\$aPodschwit, Harry,$eauthor$1http://www.wikidata.org/entity/Q112671194
=245  10$aAccounting for model uncertainties in statistical forecasts of wildfire parameters /$cHarry Richard Podschwit.
=264  \1$a[Seattle] :$b[University of Washington Libraries],$c[2021]
=264  \4$c©2021
=300  \\$a1 online resource (v, viii pages, 148 unnumbered pages):$billustrations (some colour), maps (some colour) +$e1 file (GIF)
=336  \\$atext$btxt$2rdacontent
=336  \\$astill image$bsti$2rdacontent
=337  \\$acomputer$bc$2rdamedia
=338  \\$aonline resource$bcr$2rdacarrier
=340  \\$gpolychrome$2rdacc
=340  \\$gmonochrome$2rdacc
=340  \\$pillustration$2rdaill
=340  \\$pmap$2rdaill
=340  \\$gcolor
=340  \\$gblack and white
=347  \\$atext file$2rdaft
=347  \\$bPDF
=500  \\$aIncludes vita.
=500  \\$aAccompanied by one GIF file (1.321Mb).
=502  \\$bPh. D.$cUniversity of Washington$d2021
=504  \\$aIncludes bibliographical references.
=520  3\$aGauging the magnitude of model uncertainty and incorporating model uncertainty into predictions is of critical importance when models are used to inform wildfire-related decisions, where ignoring potential risks threaten human health, property, and the environment. Although techniques exist for addressing model uncertainty, these uncertainties are commonly ignored in most analyses. In this dissertation, I will evaluate the effects of model uncertainty on statistical predictions of wildfire activity in multiple contexts and propose techniques to incorporate these uncertainties into predictions. I will determine how uncertainty in the choice of predictive model and climate model influence forecasts of very-large fire activity in the second half of the 21st century, and integrate this uncertainty using a novel Bayesian model averaging approach to produce robust predictions. I find that when these model uncertainties are accounted for, that one may conclude, across the suite of model choices, that the frequency of very-large wildfires should be expected to increase in most regions of the United States if climate changes are not mitigated. The effects of model uncertainty will also be explored in the context of predicting final wildfire size for individual fires that have no yet finished growing. Specifically, I will gauge how the choice of utility function and the inclusion of growth information that is unavailable early in the wildfire's life alters the predictive ability of statistical models of final fire size and the stability of the model structure. I find that predictions of fire size can drastically change when new utility functions are considered, particularly in models that use growth information. I also find that the covariates used in the best model are sensitive to the choice of utility function, and that no single model is likely to optimally address the preferences of all wildfire-related decisionmakers they are intended to inform. The results of this analysis that (1) the preferred model will often change when new performance measures are considered, and (2) that the preferred model may change over time. I also present a method of integrating the model uncertainties associated with time-varying covariates and ill-defined utility functions into a single predictive distribution using Bayesian model averaging. I find that this novel model averaging approach generally improves predictive performance across a number of performance measures compared to the individual models contained within it. I discuss how the novel methods developed can be applicable to other forecasting applications and how they might allow wildfire professionals make better decisions.
=588  0\$aOnline resource; title from PDF title page (ResearchWorks Archive, viewed June 1, 2021).
=650  \0$aWildfire forecasting$xMathematical models.
=650  \0$aForest fires$xEnvironmental aspects$xMathematical models.
=650  \0$aWildfire forecasting$zUnited States.
=650  \0$aFire ecology$xMathematical models.
=653  0\$aBayesian
=653  0\$aDecisionmaking
=653  0\$aExtremes
=653  0\$aForecasting
=653  0\$aModel averaging
=653  0\$aWildfire
=653  0\$aEnvironmental science
=653  0\$aApplied mathematics
=653  0\$aQuantitative ecology and resource management
=655  \2$aAcademic Dissertation$0(DNLM)D019478
=655  \4$aTheses$xQuantitative ecology and resource management.
=655  \7$aAcademic theses.$2fast$0(OCoLC)fst01726453
=655  \7$aAcademic theses.$2lcgft
=655  \7$aThèses et écrits académiques.$2rvmgf$0(CaQQLa)RVMGF-000001173
=700  1\$aAlvarado, Ernesto,$edegree supervisor$1http://www.wikidata.org/entity/Q88940660
=700  1\$aCullen, Alison C.,$edegree supervisor$1http://www.wikidata.org/entity/Q112664201
=856  40$uhttp://hdl.handle.net/1773/46885

