=LDR  00000cam a2200000 i 4500
=001  1286629719
=005  20220831170131.5
=008  211129t20212021waua    obm  s000 0 eng d
=006  m     o  d s      
=007  cr\||||||||||
=040  \\$aWAU$beng$erda$epn$cWAU$dOCLCF$dOCLCO$dWAU$dOCLCQ
=049  \\$aWAUW
=100  1\$aTrochta, John T.,$eauthor.$1http://www.wikidata.org/entity/Q112805284
=245  10$aModeling population collapse and recovery in herring /$cJohn T. Trochta.
=264  \1$a[Seattle] :$b[University of Washington Libraries],$c[2021]
=264  \4$c©2021
=300  \\$a1 online resource (vi, 227 pages):$billustrations (some color)
=336  \\$atext$btxt$2rdacontent
=337  \\$acomputer$bc$2rdamedia
=338  \\$aonline resource$bcr$2rdacarrier
=340  \\$gpolychrome$2rdacc
=340  \\$gmonochrome$2rdacc
=340  \\$pillustration$2rdaill
=340  \\$gcolor
=340  \\$gblack and white
=347  \\$atext file$2rdaft
=347  \\$bPDF
=502  \\$bPh. D.$cUniversity of Washington$d2021
=504  \\$aIncludes bibliographical references (pages 188-189).
=520  3\$aPopulation collapse in forage fish occurs both naturally and due to overfishing, and is a challenge to sustainable fisheries management. Sustained low abundance can result in prolonged fishery closures and impact the abundance of other species via predation or competition. The time taken to recover from collapse is determined by uncertain factors that control population dynamics and can widely vary between populations. Herring (Clupea spp.) are a major group of forage fishes with numerous populations throughout the Northern Hemisphere, that have sustained commercial fisheries for centuries and indigenous fishers for far longer, and support ecologically and economically valuable species including various pinnipeds, whales, seabirds, and predatory fishes. Herring populations across the world have shown varying durations of population collapse since the start of industrial fishing while hypotheses of the underlying factors have been underdetermined across and within individual populations. The Pacific herring (Clupea pallasii) population in Prince William Sound, Alaska is a modern enduring example of prolonged population collapse whose population dynamics remain largely uncertain and unpredictable despite intensive monitoring and modeling. In this dissertation, I explore and evaluate factors that potentially influence population collapse and recovery within herring. My overarching goal is to better inform the population dynamics of herring and more specifically improve the Bayesian stock assessment model of Prince William Sound herring. In Chapter 1, I conducted a meta-analysis on time series collected for 64 populations worldwide to statistically characterize population collapse and recovery in herring and model predictors of recovery times in adult biomass and recruitment. After collapse, herring populations recovered in 11 years on average, with a few populations remaining collapsed for multiple decades. Amongst populations, recovery time duration did not coincide with fishery closures, which occurred at low abundance in most Pacific herring populations but no Atlantic herring populations. Faster recovery in biomass was best associated with higher average recruitment and higher oceanographic variability in both sea surface height anomalies and sea surface temperatures. In Chapter 2, I modeled ecological factors impacting natural mortality and recruitment in Prince William Sound herring using a custom-built Bayesian age-structured stock assessment model. Support for individual factors was evaluated using multiple Bayesian model selection criteria and alternative modeling assumptions about the ecological data representing these factors. There was strongest evidence for effects on herring natural mortality from pink salmon abundance in Prince William Sound had the most broad and consistent support. Statistical support differed by the type of selection criteria, model assumptions regarding covariates, and time period modeled, resulting in generally weak evidence for most individual effects and the suggestion that results are sensitive to model flexibility. In Chapter 3, I developed a novel modeling framework and conducted a simulation study to test the usefulness of age-specific antibody, or seroprevalence, data in assessing the impact of disease-associated mortality on herring, for use in stock assessment models. Viral hemorrhagic septicemia virus (VHSV) in Prince William Sound herring is used as a case study due to its association with fish kills and well-established ecological principles for its epizootiology from extensive monitoring of VHSV in herring populations. I found that incorporating seroprevalence data within stock assessment can accurately inform infection history and disease mortality and improve population estimates. The first real application of age-specific VHSV seroprevalence is demonstrated with the Prince William Sound herring stock assessment. While motivated from VHSV in herring, these models can be easily adapted to different host populations and pathogens and I present advice for future applications of disease data within stock assessment.
=588  0\$aOnline resource; title from PDF title page (ResearchWorks Archive, viewed November 29, 2021).
=650  \0$aFish declines$zAlaska$zPrince William Sound.
=650  \0$aPacific herring populations$zAlaska$zPrince William Sound.
=650  \0$aFish declines$xMathematical models.
=650  \0$aPacific herring populations$xMathematical models.
=653  0\$aFisheries model
=653  0\$aHerring
=653  0\$aPopulation dynamics
=653  0\$aStock assessment
=653  0\$aAquatic sciences
=653  0\$aStatistics
=653  0\$aEcology
=653  0\$aFisheries
=655  \4$aTheses$xFisheries.
=655  \7$aAcademic theses.$2fast$0(OCoLC)fst01726453
=655  \7$aAcademic theses.$2lcgft
=655  \7$aThèses et écrits académiques.$2rvmgf$0(CaQQLa)RVMGF-000001173
=700  1\$aBranch, Trevor A.,$edegree supervisor.$1http://www.wikidata.org/entity/Q89333593
=856  40$uhttp://hdl.handle.net/1773/47072

