=LDR  00000cam a2200000 i 4500
=001  1286629781
=005  20220817215630.3
=008  211129t20212021wauab   obm  s000 0 eng d
=006  m     o  d s      
=007  cr\||||||||||
=040  \\$aWAU$beng$erda$epn$cWAU$dOCLCF$dOCLCO$dWAU
=049  \\$aWAUW
=100  1\$aAccola, Kerry,$eauthor.$1http://www.wikidata.org/entity/Q112828587
=245  10$aDiel habitat use by juvenile Pacific salmon along an urban shoreline /$cKerry Accola.
=264  \1$a[Seattle] :$b[University of Washington Libraries],$c[2021]
=264  \4$c©2021
=300  \\$a1 online resource (vii, 87 pages):$billustrations (some colour), colour maps
=336  \\$atext$btxt$2rdacontent
=336  \\$astill image$bsti$2rdacontent
=337  \\$acomputer$bc$2rdamedia
=338  \\$aonline resource$bcr$2rdacarrier
=340  \\$gpolychrome$2rdacc
=340  \\$gmonochrome$2rdacc
=340  \\$pillustration$2rdaill
=340  \\$pmap$2rdaill
=340  \\$gcolor
=340  \\$gblack and white
=347  \\$atext file$2rdaft
=347  \\$bPDF
=502  \\$bM.S.$cUniversity of Washington$d2021
=504  \\$aIncludes bibliographical references (pages 68-76).
=520  3\$aA mobile dual-frequency identification sonar (DIDSON) was used as an alternate technology to characterize diel juvenile Pacific salmon (Oncorhynchus spp) distributions along an armored and eco-engineered marine shoreline. Eco-engineering modifications to seawall habitat were intended to create an intertidal corridor for shore-oriented salmon and included the addition of marine mattresses (mesh bags filled with rocks) to create intertidal benches, a textured seawall to increase invertebrate colonization, and embedded glass blocks in an overhanging sidewalk to increase ambient light. Acoustic surveys conducted April to August 2019 along the Seattle, Washington, waterfront were used to compare acoustic and snorkel sampling methods and to quantify diel salmon habitat preferences. Acoustic salmon counts were at least twice as high as snorkel counts in most habitats with the difference attributed to the ability of the DIDSON to sample a greater range and volume than visual surveys. Snorkel salmon detections (i.e., salmon counts n ≥ 1) were higher than acoustic detections at new and reference sites, apart from under pier microhabitats, with the difference attributed to the ability of snorkelers to identify lone fish or individuals within mixed groups of fish. Results from generalized linear models and generalized linear mixed models demonstrate that the eco-engineered shoreline creates preferred diel habitat for salmon, while traditional under-pier habitats are less preferred for salmon regardless of time of day. Increased ambient light, fewer shading structures (e.g., pier pilings), and shallow water improve nearshore habitats for juvenile salmon. Pier end salmon counts exceeded under-pier counts and were similar to between pier counts, indicating that some salmon prefer to navigate around pier ends rather than under them. Overall salmon presence was two times higher at night compared to during the day. Salmon presence in the intertidal corridor was more similar to reference sites at night than during the day. Highest salmon counts occurred in transects exposed to artificial light, indicating potential influence of light along the Seattle waterfront. The results of night sampling highlight the need for day/night fish sampling to reduce bias in habitat use and abundance estimates, and to identify diel differences in anthropogenic effects on nearshore communities. This study establishes that the DIDSON is a viable nearshore mobile sampling tool for small fishes (25 mm - 90 mm) that increases sampling efficiency and spatiotemporal knowledge of nocturnal fish distributions and habitat use over snorkeling counts.
=588  0\$aOnline resource; title from PDF title page (ResearchWorks Archive, viewed November 29, 2021).
=650  \0$aPacific salmon$zWashington (State)$zSeattle.
=650  \0$aFish populations$xMonitoring$zWashington (State)$zSeattle.
=650  \0$aSonar in fishing$zWashington (State)$zSeattle.
=650  \0$aFish populations$xMonitoring$xEquipment and supplies.
=653  0\$aAcoustic
=653  0\$aDIDSON
=653  0\$aEco-engineering
=653  0\$aJuvenile salmon
=653  0\$aPiers
=653  0\$aSeawalls
=653  0\$aAquatic sciences
=653  0\$aFisheries
=655  \2$aAcademic Dissertation$0(DNLM)D019478
=655  \4$aTheses$xFisheries.
=655  \7$aAcademic theses.$2fast$0(OCoLC)fst01726453
=655  \7$aAcademic theses.$2lcgft
=655  \7$aThèses et écrits académiques.$2rvmgf$0(CaQQLa)RVMGF-000001173
=700  1\$aHorne, John K.,$edegree supervisor$1http://www.wikidata.org/entity/Q59694090
=856  40$uhttp://hdl.handle.net/1773/47073

