=LDR  00000cam a2200000 i 4500
=001  1286629755
=005  20220831170130.9
=008  211129t20212021wauab   obm  s000 0 eng d
=006  m     o  d s      
=007  cr\||||||||||
=040  \\$aWAU$beng$erda$epn$cWAU$dOCLCF$dOCLCO$dWAU$dOCLCQ
=049  \\$aWAUW
=100  1\$aKuhn, Catherine D.,$eauthor$1http://www.wikidata.org/entity/Q110565555
=245  10$aFreshwater ecosystem monitoring using satellite remote sensing and field surveys /$cCatherine Diane Kuhn.
=264  \1$a[Seattle] :$b[University of Washington Libraries],$c[2021]
=264  \4$c©2021
=300  \\$a1 online resource (xxv, 203 pages) :$bcolour illustrations, maps (some colour)
=336  \\$atext$btxt$2rdacontent
=336  \\$astill image$bsti$2rdacontent
=336  \\$acartographic image$bcri$2rdacontent
=337  \\$acomputer$bc$2rdamedia
=338  \\$aonline resource$bcr$2rdacarrier
=340  \\$gpolychrome$2rdacc
=340  \\$gmonochrome$2rdacc
=340  \\$pillustration$2rdaill
=340  \\$pmap$2rdaill
=340  \\$gcolor
=340  \\$gblack and white
=347  \\$atext file$2rdaft
=347  \\$bPDF
=502  \\$bPh. D.$cUniversity of Washington$d2021
=504  \\$aIncludes bibliographical references.
=520  3\$aFreshwater ecosystems transfer and transform energy, nutrients and carbon. The color of lakes and rivers, as observed from space, can provide clues to their ecological function and response to anthropogenic activities. Despite this, remote sensing science has been slower to mature for freshwaters relative to terrestrial and marine ecosystems. This research pairs physical and biogeochemical measurements collected during field campaigns with airborne and satellite remote sensing to improve our understanding of the links between color and chemistry in lakes and rivers. Using remote sensing, we mapped over 3,000 river miles in order to better understand uncertainties introduced to remote sensing retrievals during atmospheric correction of satellite imagery. Building from this work, we then conducted remote sensing analysis of ~500,000 lakes combined with a subset of intensive field surveys to (1) establish the relationship between color and gross primary productivity in shallow arctic-boreal lakes, (2) quantify multi-decadal trends in lake color across arctic-boreal North America, and (3) evaluate the effect of climate variability on arctic-boreal lake color trends. We found that atmospheric correction can bias model results by 3 - 59% for estimates of chlorophyll-a and turbidity derived from Landsat-8 and Sentinel-2 for three large river systems: the Columbia, Amazon and Mississippi. We also discovered the green band (reflectance ~ 560 nm) was the least impacted by uncertainties from processor or sensor choice, implying that the green band is most suitable for historical or cross-sensor analysis. This chapter has been published in Remote Sensing of the Environment. Applying this framework in the high northern latitudes, moderate resolution (30m) satellite and high resolution (5 m) hyperspectral airborne remote sensing imagery were used to infer gross primary productivity rates from arctic-boreal lakes within the NASA Arctic-Boreal Experiment (ABoVE) domain. This study was published in Environmental Research Letters. We then use the Landsat archive to map annual growing season greenness from 1985 - 2019 for lakes throughout the entire ABoVE domain. Over a quarter of lakes showed significant color change. Declining greenness was the dominant trend and was most common in areas also undergoing warming and precipitation increases. This finding, which has been submitted to Proceedings of the National Academy of the Sciences, provides evidence in support of the hypothesis that warming is restructuring arctic-boreal lake ecological dynamics because of changes, in part due to changing hydrologic connectivity. Collectively, these studies have advanced our understanding of the ecological significance of lake and river color, including opportunities to uncover new relationships between lake color and chemistry by combining novel geochemistry data with remote sensing.
=588  0\$aOnline resource; title from PDF title page (ResearchWorks Archive, viewed November 29, 2021).
=650  \0$aFreshwater ecology$xRemote sensing.
=650  \0$aEcosystem health$xRemote sensing.
=650  \0$aWater$xColor$zNorth America.
=650  \0$aFreshwater ecology$zNorth America.
=653  0\$aEnvironmental science
=653  0\$aRemote sensing
=653  0\$aWater resources management
=653  0\$aForestry
=655  \4$aTheses$xForestry.
=655  \7$aAcademic theses.$2fast$0(OCoLC)fst01726453
=655  \7$aAcademic theses.$2lcgft
=655  \7$aThèses et écrits académiques.$2rvmgf$0(CaQQLa)RVMGF-000001173
=700  1\$aButman, David,$edegree supervisor$1http://www.wikidata.org/entity/Q58123988
=856  40$uhttp://hdl.handle.net/1773/47074

