=LDR  00000cam a2200000 i 4500
=001  1286629799
=005  20220915175304.4
=008  211129t20212021wauab   obm  s000 0 eng d
=006  m     o  d s      
=007  cr\||||||||||
=040  \\$aWAU$beng$erda$epn$cWAU$dOCLCF$dOCLCO$dWAU
=049  \\$aWAUW
=100  1\$aStone, Elizabeth,$eauthor.
=245  10$aGreenhouse gas flux in canopy soils and forest floor soils in coastal old-growth bigleaf maples in temperate rainforests of Western Washington /$cElizabeth Stone.
=264  \1$a[Seattle] :$b[University of Washington Libraries],$c[2021]
=264  \4$c©2021
=300  \\$a1 online resource (x, 51 pages) :$bcolour illustrations, colour maps
=336  \\$atext$btxt$2rdacontent
=336  \\$astill image$bsti$2rdacontent
=336  \\$acartographic image$bcri$2rdacontent
=337  \\$acomputer$bc$2rdamedia
=338  \\$aonline resource$bcr$2rdacarrier
=340  \\$gpolychrome$2rdacc
=340  \\$gcolor
=340  \\$pillustration$2rdaill
=340  \\$pmap$2rdaill
=347  \\$atext file$2rdaft
=347  \\$bPDF
=502  \\$bM.S.$cUniversity of Washington$d2021
=504  \\$aIncludes bibliographical references (pages 45-51).
=520  3\$aAs a whole, forest ecosystems sequester carbon from the atmosphere and serve as an enormous pool for carbon storage in their soils and vegetation. As climate change accelerates due to the buildup of greenhouse gases (GHGs) in our atmosphere, it is increasingly important to understand how these carbon pools exchange GHGs with the atmosphere and how these gas fluxes are influenced by environmental change. The Hoh Rainforest in the Olympic Peninsula of Washington state is well recognized for its large quantities of epiphytes and canopy soil on tree branches, which can serve as an additional pool of carbon and site for greenhouse gas flux. This study is a first attempt to measure greenhouse gas flux from Hoh Rainforest canopy soils and quantify their contribution to the overall flux by these forest soils. Data collection to develop the sampling protocol showed that emissions of carbon dioxide and methane from canopy soils were not significantly related to distance from the bole or branch height. Here we show that temperate rainforest canopy soils are a source for carbon dioxide emissions and, on average, a sink for atmospheric methane, though flux rates for both gases were slower in canopy soils than those measured on the forest floor soils. After scaling for the surface area of each soil type found in these ecosystems, canopy soils contributed about 4% to overall soil carbon dioxide emissions and 4% to overall soil methane sequestration. While carbon dioxide emission per unit surface area in these canopy soils was comparable to measurements in tropical forest canopy soils, methane sequestration was greater than that seen in other studies. Moisture and temperature did not have a clear influence on GHG flux rates in this study, emphasizing the need for more sampling to understand potential effects of environmental change on these canopy soil systems. By measuring greenhouse gas flux in these smaller carbon pools, we can better understand the nuances of carbon cycling in these forests and how these unique ecosystems may respond to a changing climate.
=588  0\$aOnline resource; title from PDF title page (ResearchWorks Archive, viewed November 29, 2021).
=650  \0$aCarbon sequestration$zWashington (State)$zHoh Rain Forest.
=650  \0$aAtmospheric methane$zWashington (State)$zHoh Rain Forest.
=650  \0$aCanopy soils$xEffect of greenhouse gases on$zWashington (State)$zHoh Rain Forest.
=650  \0$aForest soils$xEffect of greenhouse gases on$zWashington (State)$zHoh Rain Forest.
=650  \0$aGreenhouse gases$zWashington (State)$zHoh Rain Forest.
=650  \0$aForest ecology$zWashington (State)$zHoh Rain Forest.
=650  \0$aClimatic changes
=653  0\$aCanopy soils
=653  0\$aFlux
=653  0\$aGreenhouse gas
=653  0\$aOld-growth
=653  0\$aSoil
=653  0\$aEcology
=653  0\$aBiogeochemistry
=653  0\$aSoil sciences
=653  0\$aForestry
=655  \2$aAcademic Dissertation$0(DNLM)D019478
=655  \4$aTheses$xForestry.
=655  \7$aAcademic theses.$2fast$0(OCoLC)fst01726453
=655  \7$aAcademic theses.$2lcgft
=655  \7$aThèses et écrits académiques.$2rvmgf$0(CaQQLa)RVMGF-000001173
=700  1\$aVogt, Daniel,$d1945-$edegree supervisor$1http://www.wikidata.org/entity/Q105241188
=856  40$uhttp://hdl.handle.net/1773/47075

