=LDR  00000cam a2200000 i 4500
=001  1286629783
=005  20220915180108.9
=008  211129t20212021wauab   obm  s000 0 eng d
=006  m     o  d s      
=006  m     o  a s      
=007  cr\||||||||||
=040  \\$aWAU$beng$erda$epn$cWAU$dOCLCF$dOCLCO$dWAU$dOCLCA$dWAU
=049  \\$aWAUW
=100  1\$aWolfshorndl, Marta,$eauthor$1http://www.wikidata.org/entity/Q113628929
=245  10$aChemical and biological controls on coral nucleation /$cMarta Wolfshorndl.
=264  \1$a[Seattle] :$b[University of Washington Libraries],$c[2021]
=264  \4$c©2021
=300  \\$a1 online resource (4 unnumbered pages, v-xxx, 173 unnumbered pages) :$billustrations (some colour), colour map +$e1 file (XLSX)
=336  \\$atext$btxt$2rdacontent
=336  \\$astill image$bsti$2rdacontent
=336  \\$acartographic image$bcri$2rdacontent
=337  \\$acomputer$bc$2rdamedia
=338  \\$aonline resource$bcr$2rdacarrier
=340  \\$gpolychrome$2rdacc
=340  \\$gmonochrome$2rdacc
=340  \\$pillustration$2rdaill
=340  \\$pmap$2rdaill
=340  \\$gcolor
=340  \\$gblack and white
=347  \\$atext file$2rdaft
=347  \\$bPDF
=500  \\$aAccompanied by one Excel file (32.82Kb).
=502  \\$bPh. D.$cUniversity of Washington$d2021
=504  \\$aIncludes bibliographical references (pages 184-202).
=520  3\$aCoral reefs are vibrant and important ecosystems in the oceans, but reefs today are under threat from multiple sources. One such threat is ocean acidification due to anthropogenic climate change, which is reducing both seawater pH and the thermodynamic driving force for CaCO₃-based biomineralization (oversaturation or omega). It is known that coral skeletal growth will decrease in an acidifying ocean, but the detailed mechanisms driving this response are still poorly understood. In addition, there is a long-standing debate in the field regarding the relative impact of skeletal organic matrix proteins on calcification and nucleation, with some claiming that these proteins can mitigate the effects of ocean acidification. Nucleation is the first step of the skeleton growing process, and as such is the step that is thought to determine the pace, pattern, and strength of the coral skeleton, and by extension, the development of the very framework that holds reefs together. We made the first quantitative measurements of inorganic aragonite nucleation and its sensitivity to omega, mapping the energy landscape of nucleation kinetics, and finding that it is more sensitive to oversaturation than bulk mineral growth rates in the environmentally relevant range of omega values. Furthermore, we combined inorganic mineral growth rates from the literature with the nucleation rates measured in this work in a numerical model to make predictions about how these two processes work together to affect the overall skeleton. In order to determine the extent of biological control over nucleation, we measured the quantitative effects of a peptide from the acidic domain of a matrix protein from Stylophora pistillata, as well as matrix protein analogues and polypeptides with different functional groups, on nucleation rates and other growth properties. We found that although the matrix protein and analogues had an effect on nucleation, it is unlikely that this protein can counteract the effects of ocean acidification. Overall, this work provides a comprehensive look at inorganic aragonite nucleation and the balance of chemical and biological controls on inorganic rates, as well as how these inorganic studies pertain to corals. These experiments quantify the limits of corals' ability to respond to the environmental pressure of ocean acidification on skeletal growth.
=588  0\$aOnline resource; title from PDF title page (ResearchWorks Archive, viewed November 29, 2021).
=650  \0$aCoral reef ecology.
=650  \0$aOcean acidification.
=650  \0$aCoral declines.
=650  \0$aNucleation.
=650  \0$aCoral reef restoration$xMathematical models.
=653  0\$aBiomineralization
=653  0\$aClimate change
=653  0\$aCorals
=653  0\$aNucleation
=653  0\$aOcean acidification
=653  0\$aOrganic matrix
=653  0\$aGeochemistry
=653  0\$aChemical oceanography
=653  0\$aOceanography
=655  \2$aAcademic Dissertation$0(DNLM)D019478
=655  \4$aTheses$xOceanography.
=655  \7$aAcademic theses.$2fast$0(OCoLC)fst01726453
=655  \7$aAcademic theses.$2lcgft
=655  \7$aThèses et écrits académiques.$2rvmgf$0(CaQQLa)RVMGF-000001173
=700  1\$aGagnon, Alexander C.,$edegree supervisor.$1http://www.wikidata.org/entity/Q101445568
=856  40$uhttp://hdl.handle.net/1773/47116

