=LDR  00000cam a2200000 i 4500
=001  1286630064
=005  20220921214516.2
=008  211129t20212021wauab   obm  s000 0 eng d
=006  m     o  d s      
=007  cr\||||||||||
=040  \\$aWAU$beng$erda$epn$cWAU$dOCLCF$dOCLCO$dOCLCQ$dWAU
=049  \\$aWAUW
=100  1\$aLin, Yian,$d1995-$eauthor.$1http://www.wikidata.org/entity/Q113645925
=245  14$aThe relationship between natural environments and subjective well-being as measured by sentiment expressed on Twitter /$cYian Lin.
=264  \1$a[Seattle] :$b[University of Washington Libraries],$c[2021]
=264  \4$c©2021
=300  \\$a1 online resource (vi, 53 pages) :$billustrations (some color), color maps
=336  \\$atext$btxt$2rdacontent
=336  \\$astill image$bsti$2rdacontent
=336  \\$acartographic image$bcri$2rdacontent
=337  \\$acomputer$bc$2rdamedia
=338  \\$aonline resource$bcr$2rdacarrier
=340  \\$gpolychrome$2rdacc
=340  \\$gmononchrome$2rdacc
=340  \\$pillustration$2rdaill
=340  \\$pmap$2rdaill
=340  \\$gcolor
=340  \\$gblack and white
=347  \\$atext file$2rdaft
=347  \\$bPDF
=502  \\$bM.S.$cUniversity of Washington$d2021
=504  \\$aIncludes bibliographical references (pages 36-45).
=520  3\$aThere is growing evidence that time spent in nature can affect well-being. Nonetheless, assessing this relationship can be difficult. We used social media data--1,971,045 geolocated tweets sent by 81,140 users from locations throughout Seattle, Washington, USA--to advance our understanding of the relationship between subjective well-being and natural environments. Specifically, we quantified the relationships between sentiment (negative/neutral/positive) expressed in individual geolocated tweets and their surrounding environments focusing on land-cover type, tree-canopy density, and urban parks. Controlling for multiple covariates such as location types and weather conditions, we estimated three random-intercept partial proportional odds models corresponding to the three environmental indicators. Our results suggest that for a given type of land-use, tweets sent from some natural land-cover types were less likely to be negative compared to tweets sent from the urban-built land-cover type. We also found that for tweets sent in industrial zones, the association between tree-canopy coverage and sentiment polarity was positive: an increase in tree-canopy coverage was associated with a lower probability of having negative sentiments and with a higher probability of having positive sentiments; but for tweets sent in commercial/mixed zones, the association between tree-canopy coverage and sentiment polarity was negative. For parks, tweets sent from urban parks in commercial/mixed zones and residential zones were less likely to be negative compared to tweets sent from outside parks. In industrial zones, only tweets sent from large natural parks (with area >= 40,000 sf2 and impervious surface < 30%) were less likely to be negative. Surprisingly, we also found that tweets sent from large natural parks in residential zones were less likely to be positive compared to tweets sent from outside parks. Geolocated social media data allows nuanced analyses that reveal the complexity of the relationship between subjective well-being and natural environments.
=588  0\$aOnline resource; title from PDF title page (ResearchWorks Archive, viewed November 29, 2021).
=650  \0$aHuman beings$xEffect of environment on$zWashington (State)$zSeattle.
=650  \0$aUrban ecology (Sociology)$zWashington (State)$zSeattle.
=650  \0$aSocial media$zWashington (State)$zSeattle.
=650  \0$aNature, Healing power of.
=653  0\$aLand cover
=653  0\$aSentiment
=653  0\$aTree canopy
=653  0\$aTwitter
=653  0\$aUrban parks
=653  0\$aWell-being
=653  0\$aUrban planning
=653  0\$aEnvironmental science
=653  0\$aQuantitative ecology and resource management
=655  \4$aTheses$xQuantitative ecology and resource management.
=655  \7$aAcademic theses.$2fast$0(OCoLC)fst01726453
=655  \7$aAcademic theses.$2lcgft
=655  \7$aThèses et écrits académiques.$2rvmgf$0(CaQQLa)RVMGF-000001173
=700  1\$aLawler, Joshua J.$q(Joshua John),$edegree supervisor$1http://www.wikidata.org/entity/Q58065075
=856  40$uhttp://hdl.handle.net/1773/47129

