=LDR  00000cam a2200000 i 4500
=001  1286629870
=005  20220915185427.7
=008  211129t20212021wauab   obm  s000 0 eng d
=006  m     o  d s      
=007  cr\||||||||||
=040  \\$aWAU$beng$erda$epn$cWAU$dOCLCF$dOCLCO$dWAU
=049  \\$aWAUW
=100  1\$aPolyakov, Anne,$eauthor$1http://www.wikidata.org/entity/Q113646517
=245  10$aGroup size affects predation risk and foraging success in Pacific salmon at sea /$cAnne Y. Polyakov.
=264  \1$a[Seattle] :$b[University of Washington Libraries],$c[2021]
=264  \4$c©2021
=300  \\$a1 online resource (4 unnumbered pages, 48 pages) :$billustrations (some colour), maps
=336  \\$atext$btxt$2rdacontent
=336  \\$astill image$bsti$2rdacontent
=336  \\$acartographic image$bcri$2rdacontent
=337  \\$acomputer$bc$2rdamedia
=338  \\$aonline resource$bcr$2rdacarrier
=340  \\$gpolychrome$2rdacc
=340  \\$gmonochrome$2rdacc
=340  \\$pillustration$2rdaill
=340  \\$pmap$2rdaill
=340  \\$gcolor
=340  \\$gblack and white
=347  \\$atext file$2rdaft
=347  \\$bPDF
=502  \\$bM.S.$cUniversity of Washington$d2021
=504  \\$aIncludes bibliographical references (pages 38-44).
=520  3\$aGrouping (schooling, flocking, herding) is broadly distributed across taxa and environments, and is particularly common in marine fishes. A rich body of theory outlines ways in which grouping can enhance individual fitness, especially by improved predator avoidance and foraging efficiency. However, such theories are difficult to test in the wild, especially in marine environments where observing individuals is challenging, and quantifying predation risk or foraging success is often impossible. To overcome these difficulties, I analyzed a multi-decadal data set from sampling of Pacific salmon (Oncorhynchus spp.) in the ocean. Across all species, individuals in larger groups had lower risk of predator attack, inferred from wounds on surviving fish. Within groups, outliers (smaller and larger fish) were disproportionately attacked by predators, suggesting that collective predator avoidance resulted from a confusion effect. For slower growing species, individuals in larger groups had lower foraging success, indicating that schooling presented a trade-off between predator avoidance and resource consumption. In contrast, for faster growing species, individuals in larger groups had higher foraging success, indicating that this trade off may not exist and individuals in larger groups may even benefit from collective foraging. These results support long-standing theories on the benefits of group living that have rarely been tested in wild populations, and challenge earlier assertions that adult salmon do not school in the marine environment. Ultimately, these results indicate that survival and growth are group-size dependent and thus understanding the relationship between group-size distributions and population size may be critical to unraveling ecology and population dynamics for these and other marine fishes.
=588  0\$aOnline resource; title from PDF title page (ResearchWorks Archive, viewed November 29, 2021).
=650  \0$aPacific salmon$xSchooling$zNorth Pacific Ocean.
=650  \0$aFish populations$zNorth Pacific Ocean.
=650  \0$aPredation (Biology)$zNorth Pacific Ocean.
=653  0\$aEcology
=653  0\$aStatistics
=653  0\$aEnvironmental science
=653  0\$aQuantitative ecology and resource management
=655  \2$aAcademic Dissertation$0(DNLM)D019478
=655  \4$aTheses$xQuantitative ecology and resource management.
=655  \7$aAcademic theses.$2fast$0(OCoLC)fst01726453
=655  \7$aAcademic theses.$2lcgft
=655  \7$aThèses et écrits académiques.$2rvmgf$0(CaQQLa)RVMGF-000001173
=700  1\$aBerdahl, Andrew M.,$edegree supervisor$1http://www.wikidata.org/entity/Q88170503
=856  40$uhttp://hdl.handle.net/1773/47130


